1682 2976
201 178 295 221 280
425 174 483 217 L.
515 165 564 216 C.
593 171 1011 217 VALCKENARI
1041 172 1351 216 EPISTOLA

204 285 286 326 stro
316 291 506 331 carmine
517 290 818 339 architectum,
847 290 920 343 qui
948 289 1174 328 mirificam
1205 289 1379 327 credidit
1406 286 1445 328 se
1473 288 1586 328 adse-

207 361 399 407 quutum
417 354 756 406 fimplicitatem,
783 366 922 408 quum
943 352 1135 406 posuerat
1153 365 1192 391 v·
1216 350 1287 392 65.
1308 362 1351 392 et
1371 353 1442 392 66.

267 468 271 476 ·
305 429 369 482 ζὮ
395 439 597 498 Adon-raes
625 439 748 489 κύων,
776 437 865 483 ἕτω
893 436 1034 489 βωθῦς
1061 434 1185 487 ὕπνος
1213 434 1298 493 ἔχει
1322 435 1402 487 τός

322 503 391 547 Ου’
416 503 498 562 χρή
525 506 751 560 κοιμᾶσθαι
775 501 943 554 βαθέως
972 505 1043 548 σύν
1070 501 1185 546 παιδὶ
1212 503 1394 559 νεμοντω.

209 602 420 643 Haeccine
447 614 650 656 tanquam
673 605 920 645 Theocrit'ea
946 605 1140 657 placuisse
1168 603 1210 642 V
1209 598 1399 660 avaffori
1407 602 1427 640 ?
1464 603 1587 643 Dum

209 667 396 707 alterum
435 667 610 708 versum
649 669 832 709 edolaret
852 696 865 717 ,
922 670 1127 722 cogitabat
1168 668 1437 706 Homericum
1479 669 1588 707 illud

211 726 362 770 suum:
409 731 478 774 Ου’
503 730 585 788 χρὴ
613 730 832 786 παννύχιον
863 727 983 774 εὕδειν
1016 753 1067 760 —-
1110 731 1327 786 Quantam
1352 731 1478 771 habet
1506 733 1591 772 ele-

109 814 182 839 vxu.
211 795 403 847 gantiam
427 791 517 837 ἕτω
542 791 685 844 βκθύς
715 794 857 848 ὕπνος,
895 806 938 836 et
966 808 1070 835 mox
1102 796 1337 847 repetitum
1367 796 1591 848 κοιμᾶσθαι

210 854 403 907 βαθέωςς
454 860 628 912 Legerat
662 860 778 912 apud
808 860 1133 913 Lycophronem
1166 860 1290 908 (nam
1333 857 1590 898 tenebricosa

211 919 361 975 scripta
390 921 566 963 summo
599 936 726 976 opere
753 924 984 963 mirabatur
1006 923 1050 961 id
1082 935 1215 976 genus
1248 923 1505 972 hominum,
1545 923 1593 961 in

212 985 367 1037 quibus
393 987 538 1035 docte,
572 985 747 1027 scilicet!
790 987 951 1041 possent
977 987 1211 1040 argutari,)
1237 977 1501 1037 vulpeculam
1529 986 1593 1025 di-

214 1058 328 1088 ctam
345 1047 596 1107 λαμπερίδα.
657 1050 803 1091 Posuit
819 1041 1021 1103 itaque&
1039 1044 1241 1108 Λάμπεξε
1269 1043 1397 1091 κύων·

379 1146 445 1186 Et
467 1155 556 1186 cum
581 1145 758 1201 mit-{fiee
778 1142 988 1202 sperabat
1010 1141 1060 1202 fi·
1087 1141 1165 1203 ff
1194 1145 1391 1185 locutum.

214 1244 408 1284 similiter
426 1246 473 1284 in
490 1244 612 1283 versu
639 1244 712 1286 8'6·
733 1245 840 1284 dixit
863 1241 940 1286 τοὶν
961 1238 1152 1286 Μιτύλαν
1171 1237 1281 1297 αἶγα.
1340 1245 1406 1285 De
1426 1246 1596 1300 fingulis

211 1309 420 1358 versibus,
450 1310 522 1362 qui
540 1309 650 1347 mihi
668 1309 845 1362 quidem
873 1310 920 1348 in
947 1307 1030 1347 hoc
1057 1311 1246 1348 carmine
1272 1322 1364 1348 non
1392 1310 1595 1349 videntur

210 1373 418 1424 genuini,
441 1373 518 1411 ubi
536 1373 580 1410 id
607 1373 701 1411 Tibi
729 1373 843 1412 haud
869 1372 1183 1425 displiciturum
1211 1385 1470 1425 cognovero,
1496 1386 1596 1425 pro.

211 1437 344 1475 ximis
364 1436 497 1476 literis
516 1449 638 1490 agam
663 1437 922 1489 explicatius.
962 1434 1072 1474 Illud
1094 1437 1252 1475 interea
1274 1447 1365 1474 non
1385 1436 1598 1476 illibenter

211 1499 448 1553 intelliges,
475 1510 636 1553 praeter
661 1498 826 1548 versus,
854 1499 974 1554 [upra
995 1500 1174 1552 politos,
1205 1500 1306 1539 alios
1331 1501 1461 1538 etiam
1491 1500 1597 1541 duos

211 1575 266 1602 ex
282 1563 365 1603 hoc
385 1565 597 1614 carmine,
626 1563 695 1604 sed
712 1565 763 1604 ab
783 1565 904 1604 editis
922 1577 1013 1604 non
1033 1575 1184 1615 parum
1205 1561 1402 1610 diversos,
1430 1565 1476 1601 in
1495 1564 1592 1604 Flo-

211 1627 363 1680 rilegio
392 1625 467 1668 suo
495 1628 673 1681 posuiffe
699 1627 940 1668 stobaeum.
996 1626 1179 1678 Inspice,
1216 1627 1245 1665 fi
1270 1627 1425 1678 placet,
1460 1641 1499 1666 v.
1525 1627 1594 1668 65.

211 1698 257 1729 et
279 1690 351 1741 64.
379 1705 484 1743 quos
503 1693 580 1732 hac
600 1693 762 1732 ratione
782 1691 950 1745 scriptos
977 1704 999 1731 e
1027 1691 1243 1730 Ἠιοοσνὶιί
1260 1690 1472 1731 Bucolicis
1497 1705 1596 1745 pro..

212 1754 298 1795 fert
316 1755 546 1805 Scobaeus,
575 1756 660 1796 Tit.
684 1757 807 1797 LVII.
829 1770 869 1808 p
890 1753 988 1806 453

308 1838 461 1886 Φείδευ
488 1858 573 1885 των
599 1843 745 1900 οἷρνῶν,
769 1839 920 1900 φείδευ,
943 1838 1063 1892 mne,
1087 1857 1173 1883 των
1199 1840 1338 1899 ἐρίφων
1362 1853 1464 1898 μευ·

324 1903 436 1957 Mne?
460 1903 598 1969 ἀδικξίς
623 1907 682 1963 μ’,
711 1903 773 1950 ὅτι
796 1905 933 1966 μικρὸς
961 1903 1033 1950 ἐών
1052 1910 1260 1950 πολλοῖσιν
1286 1903 1485 1963 ὁμαρτέω-

216 2005 307 2046 Hos
331 2007 482 2047 leviter
507 2016 694 2048 mutatos
715 2009 864 2048 Poetae
887 2008 1090 2048 Bucolico
1119 2005 1430 2059 adscripserim3
1466 2008 1599 2049 Theo-

216 2071 352 2120 erico,
380 2085 434 2111 an
453 2072 587 2121 alteri,
615 2085 707 2112 non
724 2072 845 2111 facile
866 2073 1068 2112 dixerim:
1098 2084 1220 2119 nam,
1251 2072 1448 2123 quamvis·
1468 2071 1596 2112 huius

218 2132 339 2187 saepe
364 2137 667 2184 meminerim,
697 2136 726 2174 fi
755 2137 849 2188 quis
875 2135 1099 2189 aliquando
1124 2135 1380 2174 contendere
1399 2136 1600 2191 voluerit,

217 2211 274 2237 ne
295 2200 477 2239 unicum
502 2200 581 2239 effe
598 2201 645 2238 in
662 2200 754 2239 Eid.
774 2200 880 2240 VIlI.
903 2198 1074 2238 versum
1111 2199 1350 2248 Theocriti,
1377 2208 1419 2240 et
1445 2201 1599 2252 genui-

215 2275 297 2303 nos
317 2259 496 2320 Moscho
524 2266 666 2318 potius
696 2262 1009 2320 attribuendos·,
1036 2262 1150 2302 hunc
1177 2263 1362 2302 minime
1393 2263 1598 2302 deterreat

214 2327 291 2365 viri
311 2328 478 2380 optimi,
500 2329 654 2379 cuique
671 2329 719 2367 in
738 2328 815 2368 hac
826 2327 1198 2381 Pythagoreorum
1220 2326 1334 2364 clade
1354 2326 1598 2379 plurimum

216 2390 447 2440 debemus,
484 2405 576 2432 non
604 2392 919 2444 contemnenda
945 2392 1194 2432 auctoritas:
1231 2404 1335 2429 nam
1362 2398 1404 2429 et
1428 2386 1600 2447 Moschi

210 2454 431 2508 Europam
467 2454 544 2496 sub
571 2457 753 2496 nomine
797 2450 1014 2494 Theoc'riti
1045 2452 1143 2495 citat
1171 2453 1402 2501 stobaeus,
1441 2467 1481 2506 p·
1509 2452 1599 2507 591.

142 2561 143 2567 ¹
212 2532 255 2558 v.
279 2517 344 2572 57.
367 2529 408 2561 et
425 2532 476 2559 ex
493 2520 585 2575 aliis
603 2520 790 2573 Eclogis,
818 2531 918 2572 quas
946 2515 1135 2575 Haeitfius
1160 2518 1370 2569 ceterique
1401 2518 1598 2557 viderunt

212 2595 305 2623 non
336 2583 414 2623 effe
438 2584 735 2632 Uzeocriteas,
763 2583 977 2623 nonnulla
1001 2583 1203 2636 protulit,
1228 2582 1364 2622 veluti
1397 2582 1601 2620 Theocri-

204 2656 286 2686 ἐστι
296 2662 314 2695 ,-
346 2648 486 2700 quales
503 2645 621 2695 sunt,
650 2645 812 2698 Ἀΐτης,
835 2643 1080 2703 'Gaetu-7155,
1104 2655 1146 2686 et
1166 2643 1483 2702 Κηριοκλέπτης,
1511 2643 1598 2684 five

212 2712 307 2763 ΧΠ,
333 2711 502 2760 XXVII,
535 2721 578 2752 et
605 2712 711 2752 XIX.
777 2712 842 2751 Ex
869 2711 934 2753 his
967 2712 1100 2755 tribus
1133 2710 1324 2766 Eclogis,
1358 2710 1390 2751 fi
1418 2709 1599 2751 calculos
