1716 2976
1411 168 1469 199 Χ).

68 281 137 325 tia
154 256 363 334 tanquam
379 277 567 327 leviora,
591 276 708 316 inter
727 275 910 315 chartas
923 272 1150 325 perituras
1170 274 1345 324 reiecta,
1362 287 1469 315 mm·

69 373 198 415 quam
211 346 402 415 fortcff:
421 339 738 412 contexuiffiem.
792 354 878 393 His
901 362 991 392 tum
1022 353 1282 392 retractatis
1302 368 1470 404 parare

71 439 196 492 coepi
219 436 431 486 libellum,
466 436 543 491 qui
568 433 738 494 Illufiri
763 433 927 473 nomini
958 427 1194 490 inscriptus
1221 433 1381 486 quanti
1414 434 1470 473 Te

67 514 263 574 facerem
283 515 556 566 declararet,
585 515 768 569 quique,
800 510 854 551 ob
879 512 1100 551 Theocriti
1116 512 1312 550 meritum
1336 512 1471 551 dura-

69 601 196 637 turas
215 596 347 635 etiam
365 596 411 641 in
427 596 604 634 veniens
620 606 774 632 aevum
786 619 800 641 ,
823 585 946 647 Ruffi
979 591 1201 643 Principis
1225 603 1375 630 nomen
1403 599 1472 630 at-

71 689 156 730 que
181 676 227 714 in
252 675 339 714 izas'
361 674 516 714 literas
546 671 738 733 studium
772 671 832 710 ad
860 668 1160 732 posteritatem
1188 679 1473 723 propagaret.

75 754 287 818 Quaeque
322 753 432 793 adeo
469 766 580 792 nunc
611 752 777 805 accipis
810 750 1011 803 expolita
1054 750 1275 790 Theocriti
1307 760 1472 816 ceter07
1534 788 1536 793 .

75 847 255 887 rumque
285 830 503 882 car'mina‚
541 832 602 871 ad
630 831 826 872 Rhenum
853 831 900 870 in
930 823 1126 871 Batavis
1162 844 1319 870 mecum
1345 829 1475 882 lecta,

79 911 201 951 domi
228 911 411 964 releges,
444 895 678 964 Princeps,
700 905 787 969 sat
796 905 923 966 scio,
950 909 1129 948 iucundi
1161 924 1266 958 zme,·
1294 912 1372 965 qui
1395 912 1478 951 has

64 987 258 1050 scriptis
277 999 471 1030 veterum
490 986 711 1051 impreffas
727 989 967 1041 elegantias
980 989 1105 1041 longe
1122 991 1350 1043 anteponis
1374 988 1480 1030 Gal-

75 1070 203 1120 licis,
236 1084 328 1113 cum
351 1065 447 1127 suis
477 1070 699 1124 plerisque
726 1067 1026 1123 scriptoribus
1051 1067 1354 1120 pereuntibus,
1399 1079 1481 1110 aut

77 1148 397 1201 Lingua‘cert‘e
427 1158 601 1190 mutata
625 1148 861 1201 perituris,
898 1148 1089 1197 chartis,
1126 1162 1307 1204 quarum
1330 1149 1481 1202 plera.

75 1241 254 1282 rumque
271 1229 454 1280 exiguus
481 1224 580 1268 Tibi
605 1217 738 1268 valor
766 1225 1004 1269 videbatur
1029 1228 1261 1269 interiores
1272 1223 1482 1286 scrutari

78 1305 236 1348 literas
251 1307 444 1358 volenti,
469 1321 736 1363 quarumque
761 1308 848 1346 iam
869 1315 972 1346 ante
997 1306 1052 1346 Te
1076 1315 1251 1358 ceperat
1264 1301 1483 1364 satietas,

81 1397 212 1439 quam
246 1385 309 1426 ad
345 1399 424 1424 nos
453 1387 638 1427 venires.
704 1386 850 1425 Terris
881 1399 991 1424 nunc
1026 1385 1123 1425 Tuis
1157 1368 1502 1441 Penatibusque*

77 1463 300 1513 redditus,
340 1463 401 1502 ad
429 1472 550 1522 artes
578 1465 709 1503 etiam
739 1462 941 1505 liberales
967 1464 1231 1505 tractandas
1258 1461 1486 1522 apciffimis

81 1540 381 1594 Popularibus
397 1555 556 1581 novum
579 1541 811 1595 praebebis
830 1542 1088 1594 exemplum,
1117 1539 1485 1603 Praefiantssime
1547 1551 1550 1555 '

76 1619 318 1672 ,Re-inceps,
358 1634 443 1675 quo
478 1621 655 1660 iuvenes
684 1635 707 1659 e
732 1615 884 1677 Ruffia
903 1622 1132 1674 primarii,
1173 1622 1263 1664 Tua
1293 1624 1484 1677 relegenq

63 1707 143 1747 ,tes
171 1698 356 1761 vestigia
373 1727 388 1750 ‚
427 1698 765 1739 concitabuntur
795 1700 856 1740 ad
878 1700 989 1740 idem
1001 1698 1224 1761 stadium,
1236 1698 1341 1759 sive
1366 1694 1486 1757 apud

72 1791 174 1828 nos,
199 1773 287 1835 seu
323 1777 434 1821 alibi
465 1787 707 1827 terrarum,
754 1774 943 1840 animose
972 1779 1304 1820 decurrendum:
1350 1792 1494 1838 atque⁴

75 1858 158 1901 hoc
184 1858 262 1898 Tui
276 1871 447 1925 quoque
468 1854 600 1916 causa
620 1852 688 1916 eff
690 1872 784 1897 cere
805 1853 1032 1898 conaberis
1049 1847 1335 1919 antiquitatis
1362 1878 1482 1904 ama-

56 1937 179 1986 ‘tor‚
207 1944 258 1976 ut
275 1938 417 1976 maior
443 1933 503 1994 fit
531 1937 792 1987 delectatio,
808 1933 850 2001 fi
875 1937 1101 1993 habueris,
1125 1940 1195 1983 cui
1221 1940 1484 2008 admiratio-

29 2047 31 2050 ,
77 2029 169 2056 nem
181 2007 401 2073 sentienti
421 2010 555 2072 pqffis
570 2011 839 2073 sgnificare.
901 2017 1169 2069 Praeterea,
1181 2015 1228 2077 si
1256 2021 1366 2074 quid
1390 2036 1484 2062 mea

76 2102 188 2133 vota
204 2093 438 2145 valebunt,
462 2104 643 2151 potente
657 2089 799 2154 suasu
816 2095 1038 2152 perficies,
1064 2106 1138 2155 ut,
1163 2080 1346 2150 praeter
1373 2100 1482 2142 Geo-

75 2181 262 2224 metras,
290 2174 593 2224 Mechanicos,
625 2171 762 2230 Phys
765 2188 860 2227 cos,
890 2177 1021 2219 etiam
1047 2191 1103 2216 ex
1128 2177 1357 2232 quibusvis
1388 2181 1483 2229 Eu,

12 2274 22 2280 κ
79 2265 215 2308 ropae
244 2252 492 2306 regionibus
522 2262 756 2297 evocentur
788 2243 1050 2307 Petropolni
1077 2255 1295 2298 sermonis
1326 2261 1484 2301 utrius-

79 2346 163 2389 que
183 2333 375 2387 Linguae
399 2333 515 2375 docti
535 2334 655 2381 viri3
694 2335 772 2388 qui
785 2330 972 2391 scholas
1001 2337 1227 2388 aperiant,
1254 2339 1299 2377 in
1328 2331 1484 2393 quibus

75 2406 318 2468 scriptores
337 2413 513 2471 antiqui
534 2413 588 2456 de
608 2412 778 2457 meliori
792 2413 886 2475 luto
909 2390 1054 2473 J'actis
1075 2416 1304 2461 iuvenibus
1331 2419 1484 2472 expla-

82 2498 238 2533 nentur
249 2505 267 2538 ,·
299 2500 379 2530 aut
398 2491 447 2531 hi
458 2486 626 2550 saltem
649 2490 705 2531 ab
736 2493 1069 2538 enarratoribus
1094 2494 1212 2555 iscis,
1226 2493 1274 2553 fi
1292 2499 1392 2551 quis
1415 2500 1485 2539 ita

83 2581 244 2608 vocare
262 2570 397 2619 velit,
426 2571 699 2616 concitentur
730 2571 791 2615 ad
817 2560 1034 2632 honestum
1054 2576 1339 2632 antiquitatis
1364 2591 1484 2618 amo-

88 2661 175 2690 rem
185 2662 202 2695 3
219 2704 224 2716 1
242 2657 294 2693 ut
323 2649 453 2688 huius
483 2651 614 2691 etiam
639 2652 810 2702 generis
836 2637 1094 2696 excolantur
1120 2655 1294 2706 ingenia
1303 2670 1320 2703 ,-
1353 2665 1487 2712 atque

85 2726 168 2770 hae
188 2735 307 2772 arces
322 2726 526 2773 liberales
547 2738 591 2774 et
609 2725 802 2789 Musicae
825 2731 871 2774 in
891 2732 1071 2788 imperio
1090 2727 1288 2790 latffme
1301 2745 1486 2790 patente
