1682 2976
117 1630 192 1654 ΧΧΙ.

219 183 310 226 282
442 179 499 221 L.
530 179 578 220 C.
610 178 1027 229 VALCKENAM
1056 179 1365 224 EPISTOLA

221 294 347 346 detur
373 294 699 348 legiss’e-carmen
734 294 973 343 Theocriti,
1003 304 1075 334 aut
1102 295 1232 335 ullius
1255 296 1407 335 veteris
1433 295 1595 342 Poetae,

218 358 332 411 quod
350 360 475 399 nobis
493 370 612 397 nunc
630 358 812 410 perierit.
854 358 988 397 Credo
1011 357 1128 410 saepe
1148 359 1237 398 aliis
1257 357 1449 405 eveniffe,
1481 358 1595 409 quod

218 422 330 461 mihi
350 421 458 461 olim
479 421 662 461 accidere
680 421 887 459 memini:
915 422 1156 473 perlustrato
1175 423 1314 466 iudice
1340 425 1594 469 Auctorum,

216 498 322 538 quos
346 483 464 543 Eust.
487 485 604 530 citat,
637 475 934 540 Hudsouiano‚
956 486 1003 524 in
1024 487 1164 538 primo
1193 486 1285 526 Vol.
1307 486 1409 525 Bibl.
1438 485 1505 525 Gr.
1531 486 1594 523 Io.

216 548 310 592 Alb.
345 548 534 588 Fabricii
559 562 599 600 p.
627 545 723 587 506.
754 547 959 597 mirabar,
993 548 1131 589 seculo
1161 551 1245 595 xn.
1273 560 1441 591 tantum
1469 550 1595 589 bona·

215 626 319 653 rum
350 625 494 656 rerum
524 610 786 664 superfniffe:
830 613 1030 652 videbam
1056 613 1204 666 passim
1230 614 1436 654 decantari
1467 605 1594 650 diffu-

218 674 308 714 sam
344 674 568 733 Eustachii
597 675 851 723 lectionem,
896 686 936 716 et
970 677 1241 728 multiplicem
1275 678 1499 718 doctrinae
1527 688 1594 715 co·

215 741 357 792 piam,
387 752 478 779 non
499 752 522 778 a
542 739 828 778 laudatoribus
851 740 1077 787 duntaxat,
1108 740 1175 780 [ed
1194 752 1235 780 et
1262 742 1311 781 ab
1334 743 1380 779 iis
1397 742 1470 794 qui
1502 738 1596 778 [cri—
1630 733 1637 745 ¹

218 804 330 843 bunt
351 806 548 856 cogitate,
573 815 711 854 nuper
730 803 852 842 valde
869 804 1120 844 celebratam
1147 806 1197 844 ab
1222 803 1441 862 Eustachii·
1468 805 1596 842 inter-

219 875 337 920 prete
356 864 585 913 laborioso,
613 866 860 907 Alexandro
892 868 1041 907 Potito
1070 868 1336 910 Florentino:
1367 866 1434 906 [ed
1454 881 1497 906 re
1528 879 1596 905 ex-

217 930 404 984 plorata,
434 930 671 970 collaudare
696 931 815 983 coepi
834 930 1100 973 utilissimam
1124 935 1205 973 viri
1232 932 1388 986 optimi
1420 932 1596 984 diligen-

217 994 348 1041 tia1n3
381 995 495 1046 prior
526 1003 673 1033 autem
700 993 770 1032 ista
796 993 999 1045 persualio
1025 996 1162 1036 indies
1190 997 1474 1043 minuebatur
1484 1009 1494 1042 3
1528 996 1596 1032 in-

219 1059 370 1110 primis
388 1056 608 1110 postquam
628 1056 908 1110 pervenilsern
937 1059 987 1099 ad
1008 1060 1180 1108 cubilia,
1206 1062 1254 1100 in
1283 1062 1435 1116 quibus
1462 1061 1597 1111 plera-

220 1134 302 1174 que
331 1121 554 1161 invenerat
581 1120 847 1180 Ertfiathius.
903 1123 1098 1162 Tandem
1125 1124 1305 1176 credidi,
1346 1138 1368 1163 e
1395 1125 1598 1170 centenis,

218 1197 407 1237 quorum
427 1183 679 1224 testimoniis
704 1186 860 1232 utitur,
889 1185 1028 1239 legiffe
1054 1186 1341 1239 pauciss'imos,
1366 1197 1412 1231 et
1429 1197 1598 1240 *praeter

218 1248 615 1287 Grammaticorum
635 1245 783 1300 [cripta
802 1248 911 1292 nihil
931 1250 1034 1289 adeo
1048 1276 1059 1297 ,
1089 1240 1200 1305 quod
1223 1251 1273 1289 ad
1290 1265 1368 1294 nos
1389 1264 1478 1291 non
1506 1264 1597 1304 per·

218 1311 395 1351 venerit.
455 1310 672 1352 Centenos
701 1311 896 1351 dicebam
923 1313 1090 1364 citatos3
1126 1323 1167 1353 et
1191 1316 1473 1356 nominantur
1501 1328 1598 1366 pro-

218 1374 329 1413 fecto
347 1374 526 1426 plurimi
545 1382 705 1426 praeter
722 1374 838 1422 illos,
867 1388 971 1428 quos
987 1375 1035 1414 in
1054 1376 1246 1415 indicem
1262 1378 1458 1419 retulerat
1478 1377 1600 1416 Hud-

219 1434 379 1495 [σιω-ε,-
417 1438 559 1492 quales
585 1436 711 1476 [nuti
749 1434 1000 1495 Aeschines,
1035 1440 1344 1491 Anaxagoras,
1384 1442 1598 1489 Anicetus,

223 1501 487 1548 Anticlides,
551 1499 755 1560 Aristius,
814 1502 1131 1552 Artemidorus,
1192 1504 1363 1544 Artemo
1394 1501 1600 1558 lVIilefius,

224 1565 479 1604 Automedes
507 1565 786 1618 Mycenaeus,
812 1567 1023 1618 ceterique
1051 1580 1210 1620 magno
1232 1581 1429 1608 numero.
1487 1569 1602 1608 Inter

224 1638 429 1670 centenos
456 1627 550 1668 istos
576 1627 806 1678 AuctoreS,
835 1630 1004 1669 Comici
1035 1631 1235 1679 citantur,
1262 1642 1422 1685 praeter
1438 1632 1601 1692 Arzfio-

217 1692 426 1744 phauem,
456 1692 627 1745 triginta
644 1701 717 1731 aut
738 1694 867 1734 etiam
895 1693 1056 1746 plures;
1087 1704 1199 1734 certe
1225 1694 1467 1750 sequentes:
1506 1698 1599 1734 Ale-

222 1757 320 1804 xis,
380 1756 576 1807 Amphis,
634 1756 986 1804 Anaxandrides,
1038 1757 1271 1806 Anaxilas‚
1323 1761 1601 1811 Antiphanes,

224 1821 387 1858 Araros
427 1813 657 1876 (Ἀραρώς,
692 1820 746 1860 fic
783 1821 904 1860 enim
923 1815 1209 1862 1scribend'um
1239 1835 1314 1876 pro
1347 1821 1513 1882 ἀραρὸς,
1550 1823 1601 1862 ad

222 1882 267 1922 11.
286 1881 337 1926 Σ.
373 1897 412 1936 p.
439 1893 558 1936 ¹209·
595 1896 636 1924 v.
664 1897 692 1920 1.
720 1896 814 1925 non
843 1887 1027 1933 Aratus,
1057 1897 1162 1935 quae
1189 1886 1490 1931 inconsiderata
1517 1898 1602 1927 erat

223 1947 506 1987 nonneminis
538 1946 802 1986 coniectura:
828 1956 1006 1999 quatuor
1033 1945 1260 2002 versiculis,
1289 1963 1393 2002 quos
1418 1952 1478 1991 ibi
1507 1965 1602 2004 pro·

223 2010 305 2048 fert
325 2008 443 2068 Eust.
466 2023 518 2049 ex
534 2011 775 2057 Athenaeo,
802 2011 870 2049 hic
896 2011 1025 2052 index
1057 2013 1295 2067 praefigitur
1321 2015 1430 2067 apud
1453 2015 1602 2054 Athen.

222 2074 290 2112 Xl.
310 2087 349 2126 p.
371 2083 462 2126 471.
488 2073 536 2113 E.
555 2071 740 2130 Ἀραρώς
767 2067 790 2124 ἢ
810 2069 998 2124 Εὔβκλος
1018 2073 1056 2118 ἐν
1079 2074 1381 2131 Καμπυλὰυνι),
1407 2078 1603 2139 Aristius,

224 2136 298 2186 (ad
319 2136 364 2176 ll.
387 2135 436 2175 Ο.
459 2149 500 2190 p.
526 2148 641 2178 1020.
664 2151 706 2176 v.
735 2136 800 2189 57.
827 2137 1012 2180 senarius
1039 2140 1148 2192 apud
1172 2139 1289 2201 Eufi.
1318 2151 1359 2182 et
1383 2143 1436 2181 in'
1457 2143 1603 2195 Epito-

229 2212 303 2241 me
334 2200 564 2251 Athenaei,
596 2202 648 2244 11.
681 2214 721 2258 P·
741 2201 811 2253 69.
837 2203 885 2244 Β.
913 2204 1061 2245 minus
1093 2205 1318 2248 emendate
1346 2204 1519 2260 scriptus
1550 2200 1623 2247 ficv

227 2273 315 2307 erat
333 2265 604 2309 reficiendus:

494 2357 674 2408 Μύκαισι
705 2357 739 2406 δ’
768 2359 947 2423 ὠρέχθει
973 2361 1023 2408 τὸ
1042 2363 1174 2409 λοῖίνον
1198 2362 1331 2411 πέδον.

229 2462 434 2523 Aristium
462 2463 696 2509 comicum
719 2464 840 2505 fuiffe
877 2474 974 2506 ante
1013 2464 1251 2506 Fabricium
1274 2465 1507 2506 ostenderat
1531 2466 1603 2506 171.

242 2526 507 2575 Gacakerus,
530 2526 584 2567 A.
602 2528 660 2568 M.
681 2530 722 2568 P.
749 2542 834 2581 cap.
856 2529 902 2568 V.
922 2543 963 2583 p.
987 2528 1086 2582 452.
1105 2530 1177 2579 D.)
1203 2530 1461 2581 Archippus,
1493 2529 1604 2570 Cra.

229 2591 371 2639 cinus,
422 2590 634 2640 Diocles,
691 2581 934 2645 Diphilus,
995 2594 1246 2645 Ephippus‚
1301 2594 1604 2646 Epicharmus,
1637 2587 1653 2591 “

233 2652 448 2712 Eubulus,
480 2655 683 2707 Eupolis,
708 2656 1055 2708 Heraclida-ssad
1086 2655 1165 2700 Od.
1195 2655 1248 2696 Δ.
1272 2670 1312 2709 p.
1342 2665 1435 2708 144.
1463 2671 1502 2696 v·
1525 2658 1600 2708 46.

231 2714 283 2758 ex
301 2719 543 2769 Athenaeo,
568 2720 655 2773 ΧΠ.
679 2734 720 2775 p.
740 2718 837 2762 552.
857 2722 904 2760 E..
927 2719 1377 2783 quineifl'equidem
1400 2721 1604 2765 Heracli-
