1682 2976
246 185 339 228 270
468 176 524 219 L.
558 175 607 216 C.
642 175 1049 219 VALCKENARI
1086 176 1394 221 EPISTOLA

243 288 448 327 omnium
464 289 624 328 creduli
642 290 803 330 tradere
832 299 977 343 tamen
1003 290 1277 332 ludificandos
1305 291 1618 346 interpretibus,
1644 344 1646 346 Ι

241 354 338 403 qui,
375 354 521 390 omnia
554 363 871 403 convertentes,
907 363 1071 408 partem
1099 363 1271 395 tantum
1306 357 1620 406 intellexerunt,

240 417 410 467 quique,
439 416 468 454 fi
492 416 664 464 suerint,
692 427 742 456 ut
769 418 946 458 suerunt
973 431 1062 457 non
1095 419 1194 468 rari,
1224 420 1424 461 homines
1451 421 1620 473 plebeii,

240 491 379 518 mares
410 477 551 518 sensus
582 481 823 532 capitalium
856 484 1156 536 ingeniorum,
1191 496 1296 534 quos
1328 485 1508 536 arrlp'ere
1543 497 1619 536 pro

239 542 311 581 sua
336 541 531 594 sapientia
557 555 647 582 non
676 553 914 596 potuerant,
946 545 1115 584 exsucca
1152 547 1421 588 conversione
1447 560 1619 586 enerva-

237 614 353 645 runt.
381 606 493 644 Nam
508 607 633 646 nobis
654 608 831 659 quidem
851 608 907 648 est
925 610 1207 661 exploratum,
1234 612 1422 663 Linguae
1439 611 1620 651 Graecae

239 670 481 721 cognitione
504 682 603 720 prae
630 668 800 722 reliquis
827 669 1197 712 praestantissimos
1231 674 1527 727 variarumque
1554 688 1620 714 re-

238 745 342 771 rum
361 733 508 784 peritia
528 733 784 782 exercitatos,
813 733 928 775 istius
948 736 1098 783 laudis,
1127 750 1232 788 quae
1266 739 1501 790 comparari
1526 738 1620 791 pos-

237 797 286 835 fit
305 809 327 835 e
351 795 625 844 versionibus,
655 797 767 835 haud
797 797 892 837 sane
919 808 1174 851 appetentes,
1202 798 1447 851 perdifficile
1474 814 1520 839 ac
1545 814 1619 853 pe-

237 856 474 900 riculosum
508 870 673 899 munus
705 870 823 900 caute
852 870 894 901 et
919 863 1147 915 prudenter
1173 864 1429 915 plerumque
1458 863 1621 916 semper

236 921 509 966 declinavisse.
542 923 723 977 Quando
741 926 1024 965 commodum
1050 926 1176 965 fuerit
1204 927 1461 980 fignificabis,
1493 940 1546 967 an
1573 941 1620 967 ea

235 1001 301 1040 res
321 987 418 1026 Tibi
437 988 636 1028 eamdem
663 991 792 1030 etiam
820 987 1149 1029 admirationem
1173 993 1379 1039 moverit,
1408 1000 1450 1030 et
1478 992 1620 1030 videa-

234 1059 363 1089 turne
382 1050 606 1102 aliquando
626 1061 848 1092 mutatum
866 1055 929 1093 iri.
959 1054 1068 1092 Mihi
1084 1062 1209 1103 certe,
1245 1053 1387 1104 (nosti,
1415 1068 1520 1107 quos
1542 1069 1620 1094 au-

234 1114 453 1163 diverim,)
483 1115 535 1152 sic
552 1115 685 1163 sedet3
714 1125 812 1156 tum
832 1128 930 1156 vero
951 1116 1119 1156 felicem
1146 1117 1234 1156 sore
1254 1119 1492 1157 Literarurn
1521 1118 1619 1158 con-

234 1179 469 1224 ditionem,
498 1178 526 1215 fi
554 1178 800 1231 Philosophi
823 1179 1141 1220 praestantiores
1168 1182 1459 1234 Linguarum,
1493 1195 1515 1222 e
1546 1183 1620 1222 suo

234 1241 370 1281 fundo
401 1249 647 1289 enatarum,
693 1243 930 1296 analogiam
958 1245 1188 1282 nobiscum
1213 1245 1396 1296 pandere
1424 1248 1620 1299 aggrede-

234 1314 405 1351 rentur;
445 1313 486 1342 et
515 1305 561 1342 in
590 1305 698 1343 illud
725 1307 927 1361 temporis
956 1301 1114 1357 βάθος,
1148 1307 1414 1360 quod'supra
1445 1322 1523 1350 nos
1551 1309 1620 1358 est,

181 1419 183 1421 ι
236 1382 367 1420 quam
387 1367 582 1407 altissime
610 1369 662 1408 ab
693 1369 946 1408 hominibus
975 1371 1064 1408 fieri
1087 1379 1263 1422 poterat,
1292 1369 1374 1411 sese
1399 1382 1619 1425 penetran-

165 1635 212 1659 Vl.

234 1442 309 1479 tes,
337 1432 495 1484 primas
512 1433 780 1485 Linguarum
807 1434 1006 1487 origines,
1033 1446 1225 1487 quaeque
1251 1435 1479 1484 infantiam
1504 1445 1620 1475 ante·

234 1496 447 1544 cesserant,
471 1495 500 1534 fi
519 1505 629 1549 pote,
655 1496 990 1551 pervestigarent.
1027 1498 1153 1553 Quod
1175 1498 1204 1536 li
1221 1498 1328 1537 illud
1349 1499 1456 1539 forte
1471 1501 1619 1539 minus

233 1560 451 1612 potuerim
470 1560 722 1612 adprobare3
750 1561 831 1600 hoc
858 1569 1003 1600 tamen
1024 1574 1204 1601 mecum
1231 1562 1467 1612 constitues,
1490 1564 1518 1602 fi
1546 1564 1619 1604 de-

234 1627 372 1663 cimus
395 1625 573 1677 quisque
592 1637 762 1672 eorum,
793 1627 949 1676 quires
968 1634 1142 1664 naturae
1170 1624 1346 1666 scienter
1374 1635 1551 1666 tractant
1578 1635 1620 1666 et

233 1689 356 1727 oculo
378 1688 640 1727 considerant
659 1689 976 1736 Mathematico,
1004 1702 1027 1728 a
1046 1689 1346 1728 Grammaticis
1368 1690 1496 1729 rebus
1521 1703 1617 1743 pro-

230 1754 284 1792 be
300 1751 544 1804 praeparad,
571 1751 850 1803 scriptoribus
867 1752 1035 1790 Graecis
1055 1763 1105 1791 ac·
1119 1754 1276 1792 Latinis
1303 1753 1434 1792 suum
1463 1755 1618 1792 inven-

230 1818 333 1856 toris
381 1815 543 1868 ingenii
583 1826 768 1853 acumen
801 1813 1027 1866 aliquando
1062 1816 1292 1856 admovere
1330 1818 1617 1871 dignarentur,

229 1890 513 1933 permagnam
546 1876 694 1916 nostris
719 1878 868 1917 Literis
903 1879 1175 1918 acceffionem
1209 1878 1414 1920 futuram.
1463 1882 1555 1920 Hoc
1588 1882 1618 1919 fi

230 1944 446 1990 eveniret,
472 1941 558 1991 (et,
582 1941 659 1979 nifi
690 1953 814 1980 mens
843 1942 955 1981 male
982 1942 1206 1997 praesagit,
1249 1945 1511 1983 eventurum
1536 1944 1615 1983 lae-

227 2017 297 2047 tus
330 2018 537 2060 auguror,
564 2004 731 2057 quando
759 2017 838 2044 nos
868 2006 969 2045 hinc
1003 2006 1317 2057 recell'erimus,
1354 2006 1503 2047 saltem
1528 2007 1618 2060 post

227 2072 388 2123 aliquot
423 2060 681 2108 'seculorum
727 2068 1005 2120 voluminat)
1060 2078 1160 2111 tum
1210 2072 1395 2122 nostrae,
1450 2071 1617 2124 semper

226 2137 372 2184 unius,
402 2132 531 2173 sectae
552 2134 750 2174 homines
772 2132 1106 2185 Praestantiores,
1136 2136 1187 2174 ad
1216 2141 1367 2174 'earum
1395 2134 1526 2174 etiarn
1549 2148 1615 2174 re-

225 2213 344 2247 rum,
374 2210 480 2250 quae
507 2197 590 2237 istis
607 2210 726 2236 nunc
743 2197 836 2237 solis
855 2198 1032 2250 placent,
1063 2211 1260 2239 amorem
1286 2211 1614 2238 commoveren-

226 2273 316 2312 tur,
346 2271 387 2302 et
417 2263 602 2310 Literati,
633 2260 852 2302 sententiis
871 2263 974 2302 adeo
994 2260 1250 2312 diffidentes,
1281 2265 1328 2301 in
1347 2275 1493 2302 unum
1520 2275 1613 2301 coa.

223 2326 430 2369 lescerent
455 2325 590 2364 veluti
619 2319 824 2383 ὅμακὸϊον·
870 2326 934 2364 illi
968 2335 1138 2376 autem,
1178 2328 1252 2379 qui
1281 2325 1322 2365 se
1366 2326 1614 2365 multorum

225 2391 496 2430 consensione
515 2389 670 2429 dociles
689 2388 927 2442 persuaderi
951 2392 1197 2442 patiuntur,v
1216 2403 1316 2442 quas
1344 2389 1613 2442 introspicere

223 2469 315 2496 non
333 2463 527 2508 poterant
548 2455 806 2506 antiquitatis
835 2454 1041 2504 tenebras,
1070 2468 1116 2493 ac
1144 2463 1206 2493 tot
1230 2452 1456 2493 Musarum
1485 2453 1633 2494 sacer-1

225 2521 358 2570 dotes,
382 2533 403 2558 a
425 2518 661 2572 longinquo
681 2526 826 2556 tamen
847 2518 1076 2572 religiosius
1108 2527 1423 2558 venerarentur.

336 2583 418 2623 Sed
444 2583 541 2621 vide
570 2581 744 2634 quaeso,
774 2581 1002 2621 Clarissime
1034 2583 1232 2631 lisivae,
1267 2594 1351 2633 quo
1378 2594 1453 2621 me
1479 2579 1611 2619 aestus

226 2647 400 2699 abripiat
435 2646 595 2685 ominis
628 2642 876 2694 dulciffimi,
921 2640 1059 2698 quod,
1101 2638 1239 2684 nescio
1275 2645 1412 2693 unde,
1461 2645 1610 2683 animo

228 2712 368 2751 fuerat
393 2702 600 2751 oblatum,
631 2709 719 2757 ,Ubi
744 2711 780 2750 is
806 2708 938 2750 aestus
963 2708 1234 2760 deferbuerit,
1262 2709 1423 2762 reliqua
1450 2709 1609 2762 simpli.
