1716 2976
1396 169 1489 201 XIX

77 278 214 334 giecta
232 277 484 325 interirent,
515 286 624 328 quae
642 274 856 316 nonnulla
878 272 1039 319 saltem
1049 275 1279 316 continent
1302 276 1482 330 cognitu

78 371 172 397 non
189 357 374 412 indigna.
432 355 498 395 Ex
523 355 676 409 primis
697 355 830 395 etiam
850 355 958 396 Edd.
989 354 1326 404 Mediolanensi,
1356 355 1479 395 Aldi·
1520 412 1523 415 Ι

66 430 156 487 'na,
182 436 377 485 Iuntina,
403 444 570 493 praeter
595 421 801 474 lectiones
828 435 877 474 in
903 442 1160 475 contextum
1188 442 1374 487 receptas
1405 434 1479 474 ad-

74 524 283 556 notantur
314 515 447 558 etiam
477 514 595 554 aliae.
673 513 881 554 Virorum
918 513 1163 554 Doctorum
1195 513 1478 563 coniecturae,

53 607 182 649 ,quae
200 594 380 649 quidem
410 606 462 634 ex
480 593 599 634 libris
625 593 763 633 Editis
788 594 1106 642 innotuerunt,
1132 591 1358 647 pleraeque
1379 605 1478 632 om-

71 687 150 715 nes
183 682 487 736 memorantur
497 686 510 720 ;
544 673 709 712 multae
739 673 871 712 etiam
907 671 1236 721 Hemsterhufii,
1261 670 1474 741 Piersoni,

70 754 262 804 Eldikii,
296 751 638 806 atque‘aliorum
659 752 860 792 ineditae.
918 752 1076 792 Breves
1104 750 1474 791 anteniAdnota-

71 834 213 874 tiones
241 834 331 872 iam
354 840 456 872 ante
489 841 608 872 erant
643 839 830 885 paratae,
869 845 1001 885 quam
1030 832 1253 886 prodirent
1277 829 1472 883 Ampliff.

71 913 276 952 Brunckii
292 911 496 953 Analecta
515 920 718 951 veterum
748 910 983 951 Poetarum
1003 912 1291 960 Graecorum,
1321 910 1396 962 qui
1423 908 1473 948 in

71 991 334 1032 Theocriteis
366 991 499 1030 etiam
524 990 647 1045 plura
673 990 841 1044 primus
873 984 1078 1040 novavit,
1097 1010 1102 1013 -
1121 1002 1253 1044 quam
1283 989 1473 1030 fecerant

69 1073 232 1125 priores
259 1083 415 1111 omnes
441 1069 581 1110 fimul.
658 1069 799 1110 Huius
828 1071 958 1110 etiam
983 1070 1210 1118 lectiones,
1248 1066 1334 1108 sola
1367 1079 1472 1107 con-

71 1151 233 1190 iectura
262 1150 408 1198 nixae,
455 1149 702 1189 Dialectum
728 1150 953 1204 pleraeque
983 1150 1191 1190 Doricam
1223 1147 1470 1202 spectantes,

68 1230 249 1270 fuerunt
282 1229 514 1282 indicatae3
555 1229 722 1270 multae
755 1230 804 1270 in
822 1228 967 1270 versus
1013 1227 1231 1269 Theocriti
1266 1235 1469 1279 receptae.

68 1308 193 1348 Idem
219 1308 389 1347 dictum
410 1307 459 1347 fit
484 1308 537 1348 de
556 1308 747 1362 reliquiis
778 1309 1026 1349 carminum
1056 1308 1200 1348 Bionis
1228 1316 1270 1347 et
1288 1304 1470 1354 Moschi,

69 1399 177 1440 quae
203 1385 464 1426 Theocriteis
498 1385 709 1427 subiectae
735 1397 907 1439 partem
935 1388 1067 1428 etiam
1093 1387 1287 1427 efficiunt
1312 1385 1469 1427 Anale-

71 1474 245 1506 ctorum
273 1464 497 1504 Brunckii.
560 1466 610 1504 In
634 1465 698 1505 his
735 1466 887 1506 eadem
915 1466 1080 1506 ratione
1111 1466 1298 1505 tractatis
1326 1464 1468 1503 Editio

65 1543 150 1584 fuit
170 1541 355 1596 expressa,
378 1543 543 1583 Bonav.
568 1544 781 1584 Vulcanii.
838 1544 1063 1585 Lectiones
1093 1543 1313 1584 Codicum
1338 1543 1468 1582 Paris.

67 1622 283 1662 debentur
301 1621 524 1674 exquisitae
543 1621 804 1675 humanitati
826 1622 982 1663 Clariff.
1002 1597 1236 1663 Vfiloisoni.
1272 1640 1274 1642 ·
1295 1623 1347 1662 In
1364 1622 1466 1663 Bio-

65 1702 134 1743 nis
169 1710 221 1742 et-
248 1699 415 1741 Moschi
444 1700 698 1756 fragmentis
732 1702 938 1743 lectiones
972 1702 1179 1757 quasdam
1208 1714 1260 1742 ex
1293 1699 1466 1741 Arrenii

65 1780 249 1829 violeto,
277 1780 540 1833 Mosquenfis
561 1781 668 1821 Bibl.
690 1780 843 1835 scripto
873 1781 978 1822 Cod.
1008 1795 1190 1822 mecum
1218 1781 1462 1821 communi-

67 1860 179 1901 cavit
208 1861 277 1899 vir
305 1853 653 1901 Humanisfimus
685 1859 834 1900 Christ.
861 1861 893 1900 F
896 1861 1343 1913 ridericus'h'latthaei.
1409 1861 1462 1900 In

64 1939 178 1978 Edit.
203 1938 301 1978 Ald.
330 1941 512 1980 tertium
539 1938 706 1989 Moschi
734 1953 909 1980 cannen
938 1940 1001 1980 bis
1027 1940 1184 1995 legitur
1211 1954 1263 1980 ex
1290 1940 1463 1981 diversis

68 2017 189 2058 codd.
230 2018 497 2072 expressum:
552 1999 655 2058 hinc
698 2019 904 2067 lectiones
956 2020 1210 2074 prodierunt
1259 2020 1463 2078 egregiae.

67 2095 182 2152 Quas
203 2096 251 2135 in
273 2096 376 2138 haec
398 2098 586 2138 carmina
605 2096 777 2140 dudum
793 2112 1068 2153 paraveram,
1090 2079 1308 2140 uberiores
1326 2099 1462 2139 adno-

65 2176 249 2215 tationes
267 2172 527 2217 omittendas
546 2179 744 2218 iudicavi.
800 2177 846 2218 Si
874 2180 965 2219 mei
986 2191 1050 2219 res
1078 2177 1207 2219 solius
1233 2178 1372 2219 fuiss'et
1399 2193 1467 2218 ar-

55 2248 206 2304 bitrii,
233 2254 464 2295 omisissem
491 2259 621 2298 etiam
649 2259 697 2297 in
713 2257 790 2298 hac
820 2258 932 2298 Edit.
963 2260 1130 2299 Latinas
1159 2255 1464 2299 conversiones.

68 2331 221 2387 Quum
239 2347 342 2374 vero
361 2334 522 2374 librarii
541 2337 686 2376 Latina
707 2337 915 2390 quaedam
945 2338 1111 2378 Graecis
1142 2345 1349 2392 cuperent
1368 2314 1464 2378 sub-

35 2470 39 2477 ·
65 2411 195 2461 iecta,
220 2412 477 2454 accesserunt
497 2416 674 2468 quaede
698 2416 866 2457 Graecis
894 2417 1112 2457 Theocriti
1138 2418 1289 2458 Latino
1313 2390 1465 2457 carrhi-

46 2485 123 2530 'ne
145 2483 240 2531 satis
254 2493 474 2547 ,eleganter
503 2494 612 2533 olim
631 2495 871 2536 reddiderat
892 2496 1044 2536 Helius
1067 2497 1271 2537 Eobanus
1302 2495 1463 2536 Hessus.

65 2568 382 2623 Epigrammata
410 2572 628 2613 Theocriti
650 2573 832 2616 subiecta
854 2573 1003 2616 Latine
1025 2585 1333 2617 converterunt
1355 2575 1465 2617 Dan.

66 2644 283 2698 Heinsius,
311 2660 354 2690 et
379 2647 722 2707 HugoGrotius.
781 2655 899 2695 Inter
923 2655 1174 2696 Theocritea
1202 2669 1253 2696 ex
1279 2655 1466 2708 antiquis

65 2724 339 2770 Editionibus
361 2731 534 2772 dederat
552 2733 676 2772 etiam
694 2733 843 2775 Heffus
868 2734 1019 2776 Bionis
1042 2735 1327 2790 Epitaphium
1345 2734 1467 2775 Ado-
