1716 2976
1408 169 1497 198 XV·

69 251 212 316 nofter
244 272 452 317 Luzacius
484 284 561 312 me
593 269 868 326 potissimum
902 271 1148 326 permovit,
1193 281 1247 312 ut
1284 257 1475 324 carmen,

69 353 431 395 Theocriteorum
459 351 587 406 ipsius
621 352 757 392 etiam
781 352 944 392 iudicio
975 352 1185 392 omnium
1217 352 1475 407 elegantisfi-

68 431 350 486 munifi-KV,
384 431 469 471 five
495 428 812 485 Adoniazusas,
843 433 991 471 ceteris
1018 431 1274 472 adiioerem:
1310 439 1376 480 et,
1412 446 1471 472 ne

68 513 172 552 haec
206 510 362 551 Graeca
396 510 559 550 Latinis
596 509 795 550 numeris
833 496 1045 560 carerent',
1069 491 1071 493 Ι
1093 511 1296 551 Latinam
1326 511 1471 551 addidi

66 590 334 645 Para‘phralin
354 589 471 630 Helii
487 588 654 630 Eobani
670 582 802 629 Hesfi.x
855 590 907 630 In
927 588 1218 630 Adoniazusas
1236 603 1342 630 cum
1368 590 1470 630 scri·
1543 649 1546 652 ‚

66 656 167 712 bere
201 669 428 724 coepiss'em
467 682 492 710 a
530 676 736 709 contextu
765 665 966 723 separatas
997 669 1294 711 adnotationes
1309 700 1323 719 ‚
1376 670 1467 719 hae,

65 751 328 805 quibusdam
344 749 436 790 aliis
461 748 718 798 interiectis,
746 747 851 789 adeo
879 757 1185 797 excreverunt,
1212 757 1264 789 ut
1282 749 1354 789 hic
1379 763 1471 790 cer-

0 877 7 885 ,
64 840 108 871 te
123 830 318 879 libellus,
346 828 612 884 privatarum
635 810 877 867 leetionum
901 826 1001 868 usui
1023 825 1279 878 destinatus,
1307 842 1365 869 ne
1393 828 1467 869 [ua

63 909 163 950 ess'et
182 910 303 956 mole
318 906 548 959 onerosus,
574 907 699 947 facile
723 916 863 947 carere
879 906 994 961 polI'e
1010 903 1227 947 videretur
1245 908 1395 949 Bionis
1425 918 1468 948 et

62 987 228 1030 Moschi
247 982 520 1030 carminibus.
568 988 619 1027 In
636 981 904 1028 Theocriteis
924 987 1071 1028 Editio
1087 983 1362 1041 potissimum
1381 987 1466 1028 fuit

62 1062 247 1121 expressa
264 1063 618 1123 Cantabrigienfis
635 1065 856 1120 Radulphi
875 1062 1155 1107 Wintertoni.
1193 1066 1245 1106 In
1260 1067 1467 1107 Editione

58 1155 223 1202 nupera
243 1144 500 1199 oxonienfi,'
526 1153 659 1200 quain
677 1146 842 1186 curavit
858 1145 1050 1186 Thomas
1069 1146 1317 1195 Wartonus,
1345 1140 1466 1200 orae-

59 1236 126 1268 ter
142 1237 299 1277 cetera,
328 1221 535 1267 lectiones
569 1225 809 1280 publicatae
848 1223 951 1265 sunt
982 1239 1007 1265 a
1038 1222 1224 1280 vulgatis
1259 1225 1474 1279 diversata*

58 1303 187 1346 initio
205 1307 335 1347 huius
354 1304 485 1346 seculi
508 1319 531 1346 a
551 1304 707 1345 Iacobo
728 1303 1046 1345 Sanctamando
1064 1303 1290 1359 pleraeque
1310 1318 1363 1345 ex
1383 1307 1463 1345 Ita·

56 1384 151 1425 licis
178 1384 452 1438 Anglicisque
471 1384 703 1424 Codicibus
730 1391 935 1424 enotatae.
993 1383 1222 1438 Quidquid
1248 1384 1389 1424 ferme
1404 1384 1463 1425 'in

58 1463 144 1503 istis
165 1462 266 1503 efl'et
291 1462 547 1502 lectionibus
574 1462 714 1502 bonae
741 1462 897 1516 frugis,
926 1460 1042 1516 quod
1072 1463 1254 1515 quidem
1279 1462 1331 1504 ad
1359 1464 1463 1503 haec

59 1543 248 1583 carmina
278 1540 498 1599 spectaret,
529 1540 616 1581 huc
637 1553 661 1581 a
686 1553 763 1580 me
786 1541 873 1581 fuit
899 1541 1110 1590 relatum;
1135 1551 1262 1595 atque
1287 1543 1390 1584 hinc
1419 1548 1463 1583 et

55 1622 135 1663 alia
156 1630 199 1662 et
218 1621 384 1661 formae
412 1619 624 1674 quaedam
647 1619 830 1660 smeerae
856 1618 989 1660 [uum
1013 1619 1281 1674 postliminio
1307 1622 1461 1663 locum

53 1702 372 1755 recuperarunt.

166 1779 266 1819 Non
285 1773 538 1820 diffitebitur
562 1771 900 1820 humanisfimus
921 1774 1179 1831 Wartonus,
1209 1789 1376 1835 praeter
1395 1776 1459 1822 le·-

56 1860 220 1900 ctiones
239 1857 455 1900 Codicum
467 1890 481 1910 ,
508 1860 790 1913 praecipuum
808 1857 906 1902 suae
924 1858 1122 1899 Editioni
1141 1870 1459 1901 ornamentum

58 1937 294 1980 conciliass'e
313 1939 485 1979 Ioannis
503 1938 664 1993 Toupii
682 1939 730 1978 in
746 1937 1037 1979 Theocritum
1053 1947 1095 1979 et
1112 1938 1363 1980 Scholiastas
1381 1941 1457 1981 oh·

53 2016 236 2070 servata3
273 2018 427 2070 quibus
454 2017 534 2058 alia
559 2018 772 2058 Eiusdem
798 2019 955 2058 eximii
978 2016 1130 2059 Critici
1156 2014 1295 2072 postea
1322 2020 1458 2060 etiam

53 2095 323 2136 access'erunt.
380 2098 548 2137 Praeter
575 2107 637 2138 ea*
655 2104 762 2151 quae
787 2097 1019 2138 Wartonus
1043 2097 1260 2151 vulgavit,
1287 2094 1459 2139 Editio-

50 2183 159 2215 nem
179 2173 338 2215 Clariss'.
362 2174 526 2226 Reiskii
545 2175 829 2230 Lipfiensem,
857 2177 1043 2231 alias'q'ue
1074 2175 1171 2216 satis
1200 2182 1346 2227 notas,
1371 2182 1456 2218 tres

51 2253 253 2309 inprimis
279 2254 454 2296 adhibui
472 2254 654 2296 vetustas
679 2249 926 2307 Editiones,
955 2250 1348 2305 Mediolanensem,
1374 2255 1458 2296 Al-

53 2333 97 2373 di
115 2334 355 2385 Venetam,
381 2342 426 2374 et
448 2328 748 2376 Florentinum
772 2336 944 2376 Iuntae:
972 2336 1104 2389 hanc,
1131 2336 1278 2389 paucis
1299 2332 1455 2381 visam,

52 2411 251 2454 ditissima
269 2410 383 2455 mihi
409 2406 748 2455 subministravit
767 2410 1036 2456 Nobilisfimi
1059 2412 1265 2455 Matthiae
1290 2413 1453 2455 Roveri

50 2489 260 2534 Delfenfis
285 2490 577 2541 Bibliotheca:
606 2493 718 2543 illas,
745 2493 899 2535 talibus
924 2488 1044 2534 libris
1068 2490 1278 2548 locuples,
1304 2492 1452 2547 publi-

53 2567 102 2608 ca'
122 2568 352 2612 Leidenfis.-
422 2571 644 2612 Omnium
669 2568 932 2614 'Editionum
960 2573 1104 2627 prima
1137 2570 1289 2626 procul
1315 2569 1449 2612 dubio

49 2646 377 2692 Mediolanenfis
406 2646 463 2691 est
484 2652 588 2691 anni
610 2649 939 2693 MCCCCXCIII
954 2677 964 2700 ,
991 2651 1172 2692 biennio
1199 2650 1450 2691 minimum

50 2726 260 2780 antiquior
276 2729 447 2777 Aldina.
505 2727 620 2772 Haec
639 2724 713 2773 ista
731 2726 788 2772 est
806 2729 952 2773 Editio
964 2757 979 2783 ‚
1009 2731 1062 2771 de
1079 2740 1161 2785 qua
1183 2730 1329 2779 multa
1349 2725 1448 2771 scri-
