1682 2976
122 945 216 965 xun-

246 194 350 240 500-
466 187 524 231 L.
557 188 606 230 c,
636 176 1051 231 VA'LCKENARI
1083 188 1396 232 EPIsToLA

242 303 593 354 pronuntiabant:
631 290 898 355 reperiuntur
932 311 1078 341 autem
1110 299 1324 352 οἱνήλιπος,
1359 299 1542 352 νήλιπος,
1578 309 1620 341 et

243 364 422 414 νηλίπκς.
457 363 721 424 Ηᾴγεῆἰωε
759 362 978 416 Νηδύπκς,
1019 362 1271 414 αἰνυπὸδετος.
1319 365 1618 418 corrigendum

242 431 286 471 N
289 427 449 480 ηλίπκς,
472 444 494 471 e
525 430 748 482 Sophoclis
769 430 874 470 Oed.
897 429 984 469 Col.
1004 443 1044 466 v.
1062 429 1366 479 54o.'ulitatior
1394 430 1530 467 forma
1557 425 1621 478 νή-

241 499 361 539 λιπος
383 507 462 533 nec
488 494 538 533 ab
557 489 771 551 Hesychio
797 492 1080 547 praetermissa
1110 493 1263 546 legitur
1289 492 1398 548 apud
1425 491 1618 544 Apollon.

241 555 385 598 Rhod.
414 559 483 605 111,
505 557 599 607 646.
639 557 774 596 Hodie
802 558 1027 596 neminem
1055 556 1169 604 latet,
1197 555 1446 608 quorumvis
1471 555 1619 594 Poe'ta-

240 630 344 658 rum
369 620 572 660 Veterum
598 619 686 659 loca
713 620 897 672 plurima
929 634 979 660 ex
1006 615 1218 677 Hesychio
1247 619 1419 657 feliciter
1446 617 1619 670 expoliri

240 682 374 734 poffe3
407 685 600 735 quamvis
626 697 778 736 paucae
806 685 1080 723 correctiones
1109 683 1355 735 prodierint,
1381 682 1511 733 qualis
1539 693 1619 719 no-

241 746 410 786 biscum
429 748 510 786 fuit
529 738 853 804 ad‘Hesyc-hium
881 748 927 786 in
955 760 995 786 v.
1016 742 1262 802 ’Άθρωυσται
1289 746 1619 784 communicata.

241 809 575 859 constitueram,
609 812 784 851 Ro'vere
822 810 1108 858 Nob'nliffime,
1154 809 1366 862 specimen
1402 809 1617 847 correctio·

240 886 376 922 num,
414 887 519 928 quae
549 873 629 916 sola
658 887 790 927 paene
819 875 1011 914 nitantur
1037 875 1115 914 fide
1149 874 1245 912 libri
1272 871 1618 926 praestantissimi,

240 936 342 982 huic
362 938 551 990 epistolae
569 939 845 986 intertexere3
871 937 938 977 sed
963 938 1099 990 postea
1127 938 1278 976 rectius
1304 950 1377 978 me
1404 923 1619 975 fictumm

240 1001 358 1048 duxi,
387 1002 416 1039 fi
438 1001 508 1040 ista
534 1001 718 1040 liberiori
742 1000 868 1054 spatio
897 1002 1234 1041 committerem.
1263 995 1499 1039 istiusmodi
1528 1012 1619 1039 cor-

239 1066 462 1115 rectiones,
491 1066 520 1103 fi
537 1078 627 1104 non
650 1066 811 1104 nullius
839 1066 920 1104 sint
943 1066 1172 1113 momenti,
1196 1066 1278 1113 Tu,
1308 1063 1364 1105 sat
1393 1063 1489 1112 scio,
1520 1076 1617 1103 cen·

240 1128 345 1168 [obis
373 1130 687 1181 anteponendas
716 1129 937 1171 nonnullis
963 1129 1248 1180 Hesychianis.
1292 1130 1340 1171 In
1370 1127 1516 1168 Glosfis
1543 1141 1618 1166 an-

238 1201 330 1232 tem
357 1189 569 1249 Hesychia}
600 1206 785 1244 quaruln
806 1193 959 1248 cubilia
985 1194 1059 1231 vix
1086 1192 1172 1230 ulla
1195 1191 1347 1243 possint
1370 1191 1618 1243 pervestiga-

238 1258 357 1295 tione
382 1256 653 1308 deprehendi,
678 1256 835 1307 duplici
860 1257 927 1296 via
954 1255 1086 1308 potest
1113 1254 1260 1302 insisti3
1288 1255 1462 1294 alteram
1487 1256 1616 1294 trive-

236 1329 340 1359 runt
359 1321 440 1373 viri
451 1320 631 1359 Summi
649 1332 737 1358 non
756 1320 832 1358 nili
852 1333 871 1358 a
889 1321 1032 1371 paucis
1053 1319 1304 1367 calcandam,
1334 1327 1375 1357 et
1392 1319 1516 1358 variis
1535 1317 1615 1355 dif-

237 1383 491 1422 ficultatibus
522 1380 779 1435 inpeditam;
818 1383 956 1421 multo
997 1382 1156 1421 facilior
1192 1381 1247 1421 est
1274 1382 1412 1421 altera.
1463 1381 1615 1435 Quum

198 1481 201 1484 .
235 1442 517 1503 Hesychium
506 1461 552 1486 m
570 1460 726 1487 manus
746 1446 983 1493 sumserim,
1010 1447 1107 1498 quid
1127 1446 1262 1484 velim
1278 1458 1368 1484 uno
1388 1443 1614 1496 specimine

120 2736 204 2759 xuv·

237 1510 465 1550 declarabo.
503 1512 622 1551 Pone
647 1513 785 1563 itaque
812 1511 1011 1564 tantisper
1049 1510 1329 1557 Theocritum,
1357 1517 1410 1556 et,
1437 1509 1513 1546 ubi
1539 1507 1613 1546 ob-
1663 1528 1682 1542 ·.

237 1574 385 1614 servati
403 1576 668 1628 granunatici
690 1577 878 1614 taedium
904 1574 1179 1620 devoraveris,
1206 1567 1467 1629 Hesychium
1487 1571 1613 1623 respi-

238 1652 296 1682 ce.
343 1638 483 1678 Classis
511 1638 567 1678 est
589 1640 828 1679 nominum
853 1639 1161 1686 derivatorum,
1191 1649 1296 1688 quae
1331 1636 1615 1674 terminantur
1680 1651 1682 1654 ·

237 1703 285 1741 in
303 1699 424 1756 θμός,
453 1702 550 1742 sunt
569 1695 696 1741 eliam
713 1716 840 1754 pauca
862 1703 909 1741 in
927 1703 1031 1755 θμα,
1048 1698 1150 1757 &wls
1169 1709 1210 1738 et
1226 1694 1345 1755 θμών
1357 1710 1366 1720 “
1394 1700 1441 1737 in
1459 1699 1613 1750 quibus
1680 1746 1682 1748 Ι

236 1767 272 1807 θ
296 1768 505 1819 genuinae
531 1767 675 1806 literae
701 1783 740 1815 σ,
767 1767 813 1804 in
841 1782 870 1806 τ
894 1774 1094 1814 mutatae,
1120 1760 1263 1803 sedem
1281 1763 1520 1815 occupavit:
1547 1777 1612 1803 re-

236 1830 488 1871 manserunt
514 1831 561 1869 in
588 1830 668 1869 usu
697 1829 956 1882 quotidiano,
979 1825 1162 1887 ἀριθμὸς,
1186 1822 1366 1882 fias-pade,
1390 1828 1612 1882 κλαυθαὸς,

234 1892 433 1951 πορθμὸς,
459 1891 628 1954 ῥυθμὸς,
653 1889 839 1946 σταθμὸς
858 1902 936 1932 etc.
963 1893 1033 1932 sed
1049 1893 1202 1945 vulgus
1227 1893 1384 1930 formas
1405 1891 1495 1931 istas
1522 1893 1610 1944 ple·
1639 1948 1641 1950 q

235 1971 384 2010 resque
402 1958 647 2011 repudiavit.
687 1959 841 1997 Poetae
871 1923 1151 2004 Formarum?
1153 1969 1253 2007 quas
1282 1956 1387 1995 olim
1413 1956 1612 1996 homines

205 2026 213 2034 “
235 2024 458 2070 triverant,
487 2022 673 2070 studiosi,
711 2022 895 2074 plurima
926 2021 1054 2060 huius
1078 2021 1208 2059 etiam
1234 2020 1402 2058 moduli
1428 2021 1610 2059 verfibus

235 2087 479 2126 roborandis
517 2088 789 2126 accommoda
827 2082 1164 2130 custocliverunt3
1215 2084 1350 2135 qualia
1386 2083 1483 2122 sunt
1516 2085 1607 2133 ani-

236 2152 455 2193 mantium
483 2150 593 2190 sonis
622 2149 854 2189 indicandis
881 2148 1163 2195 inservientia,
1196 2142 1456 2205 βξυχηθμὸς,
1489 2148 1608 2200 ὀγκη-
1675 2185 1682 2189 .

235 2213 353 2271 θμὸς,
380 2209 578 2272 ω’ξμθμός,
600 2211 828 2270 μυκηθμὸς,
857 2209 1097 2267 κνυζηθμός·
1126 2224 1312 2263 quorum
1329 2211 1607 2264 postremum,

235 2279 462 2333 gannitum
490 2288 658 2327 notans,
687 2278 869 2317 obvium
897 2278 944 2315 in
970 2275 1105 2327 Odyff.
1133 2276 1194 2324 Π,
1227 2277 1314 2326 165.
1344 2284 1386 2313 et
1413 2275 1606 2326 Apollou.
1664 2328 1668 2332 ῃ

234 2345 302 2391 111,
330 2347 422 2394 885.
450 2344 513 2383 bis
541 2341 744 2383 mendose
777 2340 982 2393 scriptum
1013 2340 1166 2392 legitur
1200 2340 1310 2391 apud
1335 2334 1607 2395 Haffychium,

234 2403 461 2460 Κυξηθαός,
485 2417 526 2447 et
543 2409 618 2447 ubi
634 2406 811 2460 postulat
828 2406 1053 2444 literarum
1071 2402 1192 2442 series
1212 2400 1429 2456 Κυνηθμός.
1467 2403 1606 2442 Huius

234 2473 411 2524 generis,
432 2481 592 2524 praeter
610 2471 687 2510 alia
703 2471 836 2523 magis
852 2469 1041 2522 protrita,
1059 2467 1242 2520 prostant
1258 2466 1368 2519 apud
1380 2466 1605 2506 Homerum

235 2536 365 2574 etiam
381 2537 548 2583 rariora,
567 2532 814 2586 Κηληθμὸς,“
822 2527 1052 2587 Ελκηθμός,
1066 2527 1306 2586 Μηνιθμός,
1306 2524 1431 2585 'Ispa
1444 2540 1485 2570 et
1498 2529 1605 2573 Εἰσί-

233 2601 343 2653 θμη·
368 2601 476 2652 apud
500 2595 770 2657 IJasychium,
798 2610 874 2650 pro
893 2595 1076 2653 Εξίθμη,
1102 2593 1221 2634 series
1239 2594 1461 2633 literarum
1478 2607 1604 2633 mon-

232 2663 326 2707 strat
337 2665 442 2703 olim
458 2665 620 2713 lectum
637 2660 817 2719 Ἐξίσ-μη.
835 2671 939 2713 quae
959 2670 1082 2699 vetus
1094 2659 1178 2698 line
1196 2658 1325 2706 dubio
1343 2658 1541 2710 scriptura
1557 2660 1604 2696 in

229 2729 380 2772 multis
397 2729 510 2768 male
528 2728 610 2768 fuit
631 2727 864 2768 obliterata:
895 2724 1095 2777 Bergleri
1110 2721 1334 2763 observatis
1356 2722 1415 2763 :ad
1434 2722 1601 2774 Alciplz.
