1748 2982
406 183 500 228 AD
531 184 607 227 M.
641 161 980 229 namnum
1016 185 1055 227 1.
1084 183 1133 225 e.
1389 192 1483 237 297

78 310 156 338 rev
158 307 283 338 ocant
309 300 423 341 mihi
451 301 496 340 in
523 297 789 340 memoriam
815 297 1017 340 Alexidis
1037 298 1176 340 Samii
1201 296 1352 336 locum
1379 295 1493 348 apud

79 365 233 404 Athen.
259 366 550 418 X111‚p.572.
580 364 624 404 F.
655 356 841 420 ’Ἄλεξις
847 360 868 405 ὀ
894 358 1054 419 Σάμιος
1085 384 1142 391 -
1178 359 1253 411 τήν
1285 359 1324 402 ἐν
1358 358 1493 415 Σάμῳ
1510 361 1622 383 ¹¹⁸¹·

75 424 345 488 Ἀφροὲίτην,
370 425 414 481 ἣν
440 425 576 486 οἱμὲν
603 426 641 470 ἐν
668 423 870 483 καλάμοις
897 426 1098 498 mago-ty,
1134 425 1172 467 οἱ
1194 420 1237 467 δε
1266 423 1304 468 ἐν
1330 427 1425 467 'EM
1429 442 1492 467 ax-

79 497 210 542 τικαῒς
239 492 357 550 φησὶν
385 493 538 552 ἑταῖραι
565 486 793 550 [Seno-ww.
823 491 902 532 ubi
927 503 1004 544 pro
1034 490 1072 532 ἐν
1100 489 1372 538 Ἐλειοιτικαΐς
1398 502 1491 529 non

80 558 293 600 dubitabis
322 572 503 599 mecum
529 558 750 611 corrigere·
779 556 828 603 ξέν
856 551 950 605 ἕλει,
976 553 1185 606 Ἀττικαὶ,
1214 553 1347 611 φησὶν,
1377 554 1492 599 ἑταῖ-

81 638 145 681 ραι
171 619 399 680 ἱδρύσαντο.
432 623 636 665 Periclis·
625 635 672 661 m
692 622 964 676 expeditione
986 622 1166 661 comites
1190 621 1238 659 in
1258 621 1389 663 Samo
1409 620 1491 658 Ve-

77 689 175 731 neri
192 687 373 729 statuam
391 681 698 736 dedicaverant,
729 701 837 740 quae
864 700 887 726 a
905 687 1016 734 loco,
1045 687 1093 726 in
1122 698 1207 741 quo
1237 685 1375 725 fuerat
1405 685 1493 724 col-

79 752 240 804 locata,
272 755 492 796 dicebatur
514 749 734 811 ῗΑφροδίτη
766 751 804 794 έν
834 745 1064 808 καλάμοις,
1100 751 1184 794 five
1212 746 1427 808 Ἀφροδίτη
1454 748 1494 792 ἐν

80 814 174 864 ἕλει.
205 841 262 849 -—
309 820 544 874 Ptolemaei
580 818 726 859 laudes
753 818 801 857 in
837 817 1040 859 Carmine
1066 817 1189 859 XVII.
1224 818 1281 859 ita
1309 816 1492 855 celebrat

87 884 355 935 Theocritus,
382 894 432 924 ut
453 899 473 924 a
492 886 699 924 Veterum
718 883 985 925 Graecorum
1016 882 1219 923 institutis
1246 890 1288 922 et
1314 880 1491 920 amabili

79 948 346 1001 fimplicitate
367 948 577 990 recefferit
605 962 738 1001 quam
766 947 1023 1003 longissime.
1062 950 1163 988 Erat
1188 946 1367 1002 quidem
1388 946 1492 986 Phi-

77 1012 301 1066 ladelphus
329 1014 418 1064 ille,
445 1023 496 1057 ut
526 1028 626 1057 vere
655 1014 810 1055 cecinit
834 1012 974 1056 noster
999 1014 1103 1061 XIV,
1122 1013 1192 1054 61.
1241 1005 1492 1064 Εὐγνώμων,

68 1074 329 1133 φιλόμωσος,
353 1101 410 1111 --
437 1093 578 1133 neque
606 1089 754 1120 tamen
784 1079 956 1134 dignus,
979 1079 1056 1131 qui
1083 1078 1357 1131 Principibus
1385 1077 1490 1118 viris

77 1143 571 1196 perniciosa‚adulatione
593 1153 958 1200 corrumperetur.
988 1145 1106 1184 Inter
1134 1143 1387 1192 adulatores,
1414 1142 1490 1194 qui

78 1208 402 1260 Alexandrum,
429 1210 598 1250 divinos
627 1211 812 1249 honores
838 1209 962 1249 stulte
990 1207 1393 1261 concupiscentem,
1436 1207 1487 1246 ab

77 1272 314 1314 Aristotelis
339 1276 518 1315 monitis
539 1289 673 1328 quam
694 1274 937 1330 longislime
964 1274 1242 1321 abduxerant,
1269 1284 1490 1310 meinora-

79 1346 152 1377 tur
178 1340 304 1379 Cleon
333 1340 530 1390 Siculus,
566 1354 653 1382 non
681 1342 842 1392 ingenii
854 1336 1003 1399 solum
1029 1339 1177 1388 (verba
1208 1337 1307 1376 sunt
1344 1336 1492 1395 Curtii

79 1402 186 1452 VIII,
214 1418 254 1444 v.
270 1407 331 1454 8.)
358 1403 429 1443 sed
455 1406 588 1445 eciam
618 1407 813 1456 nationis
840 1406 955 1445 vicio
985 1404 1211 1447 adulator.
1251 1402 1487 1441 videturne

80 1467 134 1506 de
153 1467 401 1511 Siculorum
423 1468 602 1509 suorum
622 1471 820 1511 moribus
847 1470 1007 1522 aliquid
1031 1468 1195 1510 traxisse
1219 1468 1486 1515 Theocritus,

82 1545 224 1584 quum
242 1534 289 1572 in
312 1533 514 1574 Carmine
533 1536 653 1586 XVII.
673 1535 943 1588 Philadelphi
956 1543 1165 1587 parentes,
1183 1533 1490 1574 Ptolemaeum

79 1598 269 1651 Lagiden
290 1608 331 1638 et
349 1600 600 1648 Berenicen,
626 1601 671 1642 in
694 1602 893 1642 Deorum
911 1613 1158 1641 numerum
1186 1599 1339 1641 relatos
1366 1597 1488 1637 mul-

73 1661 133 1703 ‘tis
155 1664 341 1704 verfibus
360 1665 592 1719 cecinerit‘?
618 1666 796 1720 Lagidae
815 1666 989 1706 coelum
1009 1666 1174 1719 aperuit
1194 1678 1239 1704 ea
1251 1672 1383 1716 parte,
1409 1663 1485 1702 ubi

79 1727 198 1768 sedes
225 1739 345 1769 erant
370 1731 616 1770 Alexandro
631 1759 644 1780 ,
683 1740 724 1770 et
750 1732 975 1783 utriusque
1000 1730 1263 1785 progenitori
1287 1729 1486 1768 Herculi:

65 1793 315 1834 .Herculem
362 1804 413 1836 eo
453 1797 737 1836 vehementer
790 1796 999 1837 laetatum
1042 1795 1186 1836 scribit
1234 1795 1486 1835 Theocritus

77 1872 119 1900 v.
143 1865 210 1910 24.

181 1937 316 1985 ''Ort-1
343 1939 479 2001 σφέων
504 1940 707 2003 Κρονίδαις
713 1954 814 1999 μελε
808 1944 869 1987 ’ων
898 1940 1074 2002 ἐξειλετο
1097 1958 1233 2000 κηροις,

187 2003 410 2052 Ἀθάνατοι
439 2005 483 2051 δὲ
509 2005 730 2054 καλεῦνται
757 2010 809 2053 ἑοὶ
836 2006 994 2058 νέποδες
1018 2023 1247 2063 ssyen-›753-

78 2105 130 2146 acl
147 2106 259 2146 hanc
275 2120 481 2148 normam
497 2108 647 2149 locum
671 2108 979 2163 integrandum
998 2108 1202 2147 arbitror:
1232 2106 1340 2150 θεων
1363 2102 1481 2150 νέπο·

77 2169 144 2220 δες
160 2171 262 2226 legit
278 2172 341 2213 Ill.
366 2173 562 2225 Scaliger
582 2174 814 2214 AnimadV.
839 2175 886 2212 in
910 2168 1067 2233 Euseb.
1095 2185 1136 2225 p.
1151 2172 1218 2222 65.
1247 2171 1367 2213 aliter
1397 2172 1484 2212 Ca-

65 2233 198 2300 [απὸ.
234 2239 347 2280 Lect.
382 2238 564 2280 Theocr.
601 2252 635 2278 c.
663 2239 804 2281 XVIII.
838 2247 881 2278 et
919 2238 1191 2280 Palmerius:
1235 2234 1410 2294 Heinsio
1437 2240 1483 2282 L.

77 2303 258 2342 Theocr.
287 2316 328 2355 p.
347 2311 443 2354 55¹·
465 2302 518 2345 ἑοὶ
544 2301 705 2352 νέποδες
729 2304 958 2356 reponenti
983 2301 1235 2356 suffragatur
1254 2303 1485 2361 Bentlejus

77 2367 127 2410 in
151 2366 320 2410 Gallim.
344 2382 386 2425 Ρ.
404 2375 502 2423 459.
536 2371 588 2411 In
605 2370 736 2410 altero
756 2369 962 2423 versiculo
982 2367 1267 2423 reliquerantz

368 2495 426 2507 --
451 2474 610 2532 μελέων
635 2469 810 2532 ἐξείλετο
835 2474 976 2532 γῆρας.
1501 2497 1556 2527 ιε.

0 2547 10 2564 u

82 2577 171 2633 Qui
186 2579 235 2618 in
251 2579 428 2621 Miscell.
456 2579 556 2622 Obs.
587 2580 679 2619 Vol.
698 2582 728 2622 Ι.
754 2593 795 2633 Ρ.
819 2579 910 2620 126.
943 2580 1063 2619 hunc
1087 2578 1263 2620 versum
1288 2578 1484 2622 sollicita.

79 2651 199 2692 runt,
225 2646 415 2686 mininie
440 2647 677 2685 audiendos
704 2640 967 2686 censuerim:
999 2646 1209 2698 quoniam
1233 2654 1380 2685 tamen
1409 2646 1484 2689 vix

81 2708 252 2748 videtur
276 2710 431 2750 Graece
458 2712 541 2750 dici
577 2709 714 2763 poffe,
746 2711 875 2770 γῆρας
905 2709 1061 2770 μελέων
1092 2708 1328 2773 ἐξελέσθαι,
1361 2712 1482 2754 litera

77 2782 260 2826 mutata,
282 2777 434 2832 reponi
461 2778 638 2832 poterit:
1332 2797 1334 2801 ’
