1748 2982
1378 156 1470 209 267

160 443 281 482 vmo
308 443 607 498 NATALIBUS
631 443 696 480 Er
719 441 998 479 DOCTRINA
1019 443 1368 486 NommsslMO

258 556 778 621 MATTHIAE
856 543 1253 620 ROVERO

638 700 675 736 S.
730 700 773 735 P.
826 699 881 735 D.

389 818 447 862 L.
495 818 545 861 e.
584 800 1129 864 VALCKENA'ER.

56 935 119 1005 P
123 973 266 1013 enitus
296 973 637 1028 inexspectatum
656 974 821 1027 recipis,
849 975 1061 1017 MmmA
1090 977 1295 1025 Revnmz,
1325 976 1474 1017 Fulvii

63 1034 208 1092 Ursini
225 1039 441 1088 libellum,
472 1053 607 1092 quem
622 1041 692 1080 Tu
710 1041 838 1089 mihi,
869 1050 912 1079 et
931 1041 1040 1080 forte
1070 1041 1324 1091 meministi,
1354 1042 1471 1082 dono

54 1102 227 1144 dederas
249 1104 291 1149 ἐκ
313 1104 488 1153 Μοισᾶν,
520 1106 693 1158 quando
718 1114 885 1147 veteres
913 1106 1044 1148 ambo
1063 1106 1275 1148 Leidenfis
1304 1116 1471 1146 contre-

60 1169 282 1209 ctabamus
303 1170 595 1214 Bibliothecae
613 1171 918 1219 membranas3
942 1173 1026 1220 Tu,
1055 1173 1303 1222 auctoritate
1332 1185 1470 1212 avun-

53 1234 143 1275 culi
167 1236 275 1282 Tui,
311 1233 432 1278 Ae’cii
463 1232 677 1294 Duffim',
715 1238 793 1288 qui
823 1248 930 1277 cum
966 1236 1139 1290 collegis
1173 1250 1270 1276 rem
1295 1237 1472 1276 curabat

53 1296 389 1348 academicam,
427 1308 492 1349 et,
520 1302 551 1339 fi
581 1300 685 1353 quid
710 1313 809 1341 mea
838 1308 938 1340 vota
967 1300 1225 1353 potuissent,
1265 1301 1471 1341 nondum

53 1361 267 1405 secefferat
288 1378 340 1404 ex
357 1364 603 1406 hominurn
626 1363 840 1404 consortio
852 1379 865 1414 3
895 1377 987 1418 ego,
1014 1364 1128 1403 illius
1149 1367 1370 1414 beneficio,
1399 1365 1470 1408 sed

54 1428 239 1469 Ioannis
271 1430 468 1469 maxime
504 1444 595 1471 van
624 1431 706 1471 den
739 1430 928 1482 Berghi,
967 1442 1014 1468 ac
1047 1429 1258 1471 Davidls
1283 1432 1471 1486 Royem‘,

53 1505 245 1544 quorum
265 1493 463 1535 adversus
488 1508 564 1534 me
583 1496 858 1535 voluntatem
882 1503 1102 1548 paraverat
1128 1495 1222 1535 Alb.
1242 1497 1467 1537 &hulten-

35 1553 147 1616 Jius.
191 1559 421 1612 Propterea
447 1560 515 1599 his
542 1560 800 1601 hominibus
830 1562 877 1600 in
905 1557 1167 1612 ampliffimo
1201 1562 1294 1602 loco
1325 1562 1467 1615 pofitis

51 1621 165 1661 soleo
181 1624 445 1676 perlibenter
464 1626 574 1665 bene
595 1624 750 1677 dicere,
781 1627 947 1679 quoties
966 1626 1096 1666 redeo
1125 1628 1174 1666 in
1200 1628 1466 1666 memoriam

49 1687 168 1727 illius
189 1691 411 1742 temporis,
433 1703 518 1743 quo
538 1690 720 1732 nullum
739 1692 854 1731 mihi
871 1692 1105 1734 iucundius
1120 1690 1324 1731 effluxiffe
1345 1705 1465 1731 coin-

50 1755 254 1794 memini.
287 1751 433 1813 Urfini
447 1756 619 1796 libellus
638 1770 780 1808 quum
796 1757 978 1797 Frifiacis
1001 1759 1109 1810 typis
1129 1757 1227 1798 effet
1255 1756 1466 1810 expressus

0 1845 2 1854 .
51 1817 163 1858 iuffu
185 1820 481 1861 Iurisconsulti
501 1820 697 1863 nostratis
720 1822 931 1874 Coulonii,
960 1823 1021 1863 ibi
1052 1822 1123 1862 hic
1151 1836 1172 1862 a
1200 1835 1274 1861 me
1304 1832 1467 1875 petere,

51 1892 104 1923 ut
133 1884 268 1934 libro,
299 1887 347 1925 in
370 1886 602 1941 publicum
630 1888 897 1942 evulgando,
932 1897 974 1927 et
1002 1889 1103 1938 alia,
1137 1901 1245 1943 quae
1272 1897 1468 1942 poterant

3 1971 6 1974 ·
53 1948 134 1989 effe
158 1950 271 1999 usui,
295 1960 338 1990 et
362 1960 576 2004 praeterea
603 1952 925 1993 praefationem
953 1954 1253 2011 adinngerem‘,
1284 1967 1366 2009 qua
1392 1953 1467 1992 do-

52 2024 118 2054 tes
140 2014 335 2068 opusculi
365 2017 569 2069 explicate
596 2017 863 2057 traderentur
889 2018 1075 2059 studiofis
1109 2018 1339 2058 literarum
1365 2018 1467 2058 ado.

52 2079 335 2121 lescentibus:
363 2082 410 2120 in
429 2082 593 2121 horum
610 2082 731 2120 enim
749 2083 982 2122 commoda
1000 2083 1203 2123 Plautini
1219 2083 1349 2122 editio
1372 2083 1466 2122 fue-

54 2155 119 2184 rat
139 2147 190 2185 ab
210 2145 300 2199 ipso
321 2156 545 2186 renovata:
564 2160 641 2201 ego
663 2156 810 2197 contra
828 2149 938 2196 niti3
966 2157 1065 2188 tum
1076 2149 1190 2187 varia
1206 2158 1467 2203 praetexere,

42 2210 194 2264 aqualia
211 2211 441 2252 literarum
459 2211 756 2253 studiofisfimo
778 2227 1014 2266 nunquam
1041 2222 1239 2267 poterant
1266 2214 1466 2261 deficere3

36 2276 210 2316 'deinde
230 2290 336 2317 eum
356 2278 531 2326 hortari,
563 2287 626 2326 ut,
654 2279 826 2331 quando
854 2278 942 2333 ipse
970 2279 1158 2319 facturus
1183 2280 1375 2333 negabat,
1406 2280 1466 2319 al-

52 2343 134 2386 teri
154 2343 237 2383 hoc
254 2344 388 2383 etiam
408 2344 549 2383 oneris
568 2344 829 2396 imponeret.
871 2346 1017 2397 Atque
1044 2357 1096 2384 eo
1119 2345 1320 2398 inprimis
1348 2345 1465 2384 relu-

54 2408 186 2457 tahar,
222 2410 320 2460 quia
347 2407 520 2448 mendis
551 2408 786 2449 levioribus
814 2410 1015 2450 tollendis
1049 2422 1096 2448 ea
1124 2422 1216 2449 non
1243 2409 1384 2449 fuisset
1413 2411 1464 2450 in

6 2514 9 2518 x
57 2474 194 2526 operis
214 2475 339 2515 initio
355 2472 608 2527 praesertim
631 2474 819 2516 adhibita
846 2477 1022 2530 curatio,
1050 2488 1184 2528 quam
1211 2488 1291 2514 nos
1319 2476 1463 2528 requi-

55 2551 274 2579 reremus:
300 2540 392 2579 aliis
415 2541 537 2578 enim
557 2552 603 2578 ea
623 2552 722 2579 cura
749 2540 887 2581 fuerat
917 2540 1184 2590 demandata,
1211 2553 1343 2592 quam
1372 2554 1466 2580 non

58 2616 200 2642 unam
220 2605 275 2644 ob
291 2606 507 2644 rationem
536 2617 680 2660 gerere
709 2605 1030 2653 recusaveram;
1060 2613 1160 2644 tum
1180 2605 1290 2645 Forte
1317 2606 1464 2655 etiam,

8 2700 10 2702 ,
58 2668 170 2706 dum
199 2669 308 2709 liber
333 2677 526 2723 coeperat
553 2670 720 2718 excudi,
746 2671 837 2710 aliis
866 2672 914 2709 in
946 2670 1075 2710 rebus
1107 2672 1462 2726 occupatissinius.

51 2734 254 2774 Tandem
273 2734 324 2774 ad
340 2747 416 2774 me
435 2735 561 2774 rediit
581 2734 808 2776 Coulom‘us
816 2750 833 2784 ,-
865 2749 1093 2789 quumque
1109 2735 1294 2786 instaret,
1321 2746 1362 2776 et
1384 2750 1461 2792 per

1312 2887 1336 2903 Ι

1450 2918 1462 2938 Ι

1486 1687 1524 1711 u.
