1716 2976
1343 200 1455 230 XVII

52 317 107 349 ta.
159 308 377 348 Praeterea
403 303 631 351 Codicum,
659 294 1102 352 olim‘l'alatinorum‚
1128 302 1352 355 lectiones,
1382 318 1456 346 ex-

16 412 22 416 ·
54 397 212 441 cerptas
247 390 269 426 a
301 383 527 434 Salmasio,
561 381 653 422 suas
693 382 827 421 etiam
860 381 1067 434 quasdam
1105 383 1369 424 coniecturas
1403 385 1454 424 in

52 468 248 519 margine
279 464 491 504 Editionis
525 461 776 503 Heinfianae
809 459 1006 514 posuerat
1045 459 1094 500 Is.
1136 460 1316 502 Vossius:
1370 465 1476 504 hoc*

54 544 273 596 exemplar
290 557 341 583 ex
363 542 471 583 Bibl.
492 540 682 581 Leidensi
707 540 929 581 utendum
950 538 1099 579 sumfi:
1130 541 1214 580 alio
1233 540 1332 582 usus
1353 541 1454 582 sum

0 630 1 684 }
53 636 104 663 ex
123 622 387 690 Bibliotheca
410 622 496 661 viri
518 617 1020 674 AmplisfimisFrancisci
1047 619 1378 690 Hemster'hufii,
1406 622 1458 662 in

0 703 1 708 ’
55 714 139 755 quo
167 692 286 740 Pater
314 701 534 749 Tiberius,
566 700 630 739 vir
650 699 887 748 Summus,
923 697 1017 739 suas
1037 699 1302 740 coniecturas
1324 709 1454 755 atque

55 780 134 820 alia
176 781 376 834 quaedam
419 781 707 820 adnotaverat.
791 776 971 818 Parifini
1017 778 1187 820 Codicis
1234 779 1456 830 lectiones,

23 862 35 871 ³
57 845 380 909 emendationes
406 859 635 913 quasdam,
673 867 717 898 et
747 870 798 898 ex
826 858 999 913 ineditis
1032 858 1335 899 Grammaticis
1362 873 1457 914 per·

54 939 194 979 multa
205 952 392 979 mecum
409 937 752 979 communicavit
768 937 934 978 amicus
954 936 1221 978 Clarissimus
1241 938 1460 981 anahn-

56 1020 219 1064 kenius.
276 1019 328 1058 In
345 1014 459 1059 notis
481 1018 534 1057 ad
550 1018 702 1058 decem
720 1016 919 1069 Eidyllia,
945 1018 1202 1057 meminerit
1217 1019 1356 1059 velim
1377 1021 1459 1062 Le-

58 1083 146 1138 ctor
160 1098 376 1146 Eli-aditus,
405 1096 756 1152 multa‘reperiri,
784 1097 832 1136 in
849 1097 1030 1150 gratiam
1053 1097 1275 1138 iuvenum
1292 1097 1458 1157 scripta,

57 1174 130 1231 qui
158 1177 313 1217 harum
341 1189 489 1217 rerum
517 1174 641 1216 sensu
666 1175 862 1230 quodam
897 1184 1018 1215 erant
1046 1176 1304 1226 imbuendi;
1350 1193 1459 1232 quo..

57 1269 160 1296 rum
186 1256 235 1295 in
264 1255 435 1296 claffem¹
467 1256 614 1296 referri
642 1264 850 1310 poterunt
878 1255 1049 1310 Virgilii
1075 1256 1191 1306 loca,
1216 1255 1379 1311 saepius
1408 1257 1459 1299 ab

50 1335 150 1381 saliis
175 1348 280 1375 cum
305 1336 566 1376 Theocriteis
598 1335 760 1376 collata.
837 1335 992 1376 Maiori
1021 1348 1128 1376 cum
1157 1349 1257 1376 cura
1285 1335 1462 1391 scriptae

57 1411 371 1456 Adnotationes
398 1417 447 1454 in
479 1411 773 1455 Adoniazusas
797 1413 1014 1453 nonnulla
1051 1422 1163 1454 certe
1195 1415 1465 1468 praebebunt

58 1491 207 1532 hocin
232 1504 388 1545 genere
412 1491 636 1532 literarum
657 1492 892 1532 exercitatis
921 1492 1140 1546 exigenda.
1198 1493 1266 1533 Ex
1291 1495 1359 1535 his
1388 1509 1463 1536 au-

61 1579 155 1610 tem
165 1570 378 1619 Theocriti
395 1570 660 1610 carminibus
683 1570 889 1610 nonnihil
908 1564 1108 1623 expolitis
1125 1571 1250 1612 facile
1269 1573 1463 1617 aestima...

59 1650 99 1690 ri
124 1648 303 1703 poterit,
338 1637 554 1703 quantum
578 1649 627 1688 in
655 1648 850 1701 reliquis,
886 1661 994 1701 quae
1019 1648 1220 1704 pleraque
1235 1654 1368 1706 ¹peius
1394 1655 1461 1693 vi-

61 1729 163 1768 tiata
193 1726 313 1778 sunt,
345 1725 515 1781 superfit
540 1727 849 1782 peragendum.
920 1725 1076 1768 Forsan
1101 1729 1332 1783 aliquando
1360 1746 1460 1773 om-

60 1807 134 1848 nia
163 1806 380 1847 Theocriti
408 1806 598 1850 carmina
638 1819 743 1846 cum
773 1805 988 1852 Codicum
1024 1807 1313 1861 lectionibus,
1351 1825 1461 1865 quae

53 1886 244 1941 ‚quidem
270 1879 423 1940 dignae
452 1885 534 1925 [int
561 1895 834 1937 memoratu,
868 1894 911 1926 et
939 1899 1045 1926 cum
1071 1887 1272 1931 virorum
1298 1890 1461 1933 Docto-

2 1958 4 1962 *
63 1978 169 2006 rum
197 1965 473 2015 coniecturis,
505 1965 639 2005 verbo
669 1974 841 2006 tantum
870 1965 1092 2016 indicatis,
1112 1962 1282 2022 'exiguo
1307 1969 1458 2014 libello

64 2043 412 2098 publicabuntur.
489 2043 737 2085 scribebam
777 2044 981 2099 Lugduni
1017 2045 1287 2089 Batavorum
1319 2050 1459 2103 pridie

65 2122 157 2164 Kal.
178 2122 382 2164 Decemb.
403 2134 718 2164 cIDIOCCLxxllt.

940 2836 1011 2862 ⁴*st

40 2796 68 2976 ‘instar‘
43 2779 46 2786 ⁴
