1748 2982
451 159 553 203 AD
578 156 654 201 M.
685 145 1024 200 RO'VERUM
1060 154 1096 196 ῐ.
1133 154 1182 198 c.
1423 167 1516 211 277

100 281 248 330 minis,
275 290 318 320 et
343 279 537 328 ultimos,
577 288 682 316 cum
709 286 750 314 v.
781 266 852 315 82}
879 270 951 314 83.
983 271 1057 324 84.
1090 273 1147 313 fic
1176 285 1277 314 mea
1308 274 1516 328 opinione

100 345 429 399 coniungendos
445 358 453 383 :

210 437 309 489 ‘Assv'
339 458 383 488 τι
410 438 460 486 τὸ
480 436 619 498 στέμοι
638 436 718 489 τοὶ,
747 435 814 481 καὶ
831 435 1027 495 ἐφίμερος,
1053 428 1089 480 ὦ
1105 434 1257 496 Δοῖφνι,
1286 434 1427 493 φωναί’

210 506 388 565 Κρεσσον
411 502 656 562 μελπομένω
680 503 754 546 τεῦ
778 503 880 546 οἶκε
866 518 983 560 σμεν,
1012 499 1036 553 >3⁸
1062 500 1159 561 μελι
1187 500 1356 559 λείχειν.

207 569 370 618 Amiso
400 572 481 620 τΞς
509 567 723 628 σύριγγος·
755 568 937 621 ἐνίκησας
964 566 1068 647 ’Νγαές
1071 566 1227 612 αἐιδων.

207 640 302 692 Κοίκ
330 639 434 690 τήνω
465 632 617 692 Δάφνις
643 630 755 691 mgni
785 636 951 689 ποιμέσι
980 636 1141 693 πξὲἰτος
1166 627 1325 688 {wem-05

204 702 285 748 Καὶ
314 702 488 761 νύμφκν
498 695 682 759 ἅκξκβος
714 699 787 745 ε’ὠι,
814 695 876 743 ἔτι
903 698 1041 745 Nauia
1066 700 1212 758 γᾶμεν.

93 813 143 851 ln
167 811 333 865 reliquo
366 809 557 848 carmine
574 805 719 846 versus
746 807 967 847 Theocriti
988 807 1170 861 plurimi
1198 805 1406 845 videntur
1433 805 1507 846 de-

91 877 283 928 fiderari3
320 875 405 914 five
435 873 656 912 defuerint
686 873 922 927 exemplari
948 871 1128 922 vetusto,
1167 871 1241 912 seu
1268 872 1354 926 legi
1377 871 1508 924 pleri-

91 955 174 996 que
200 942 348 981 minus
376 938 607 996 potuerint.
647 937 894 990 Eidyllium
923 939 1055 977 etiam
1085 950 1261 978 nonum
1290 936 1507 990 apparebit

89 1007 218 1061 paulo
242 1004 541 1046 consideratius
561 1003 801 1042 attendenti
821 1017 915 1043 non
940 1015 1030 1042 una
1054 1001 1119 1042 sui
1144 1012 1264 1057 parte
1290 1001 1507 1051 deficiens,

89 1074 140 1113 ad
170 1071 342 1112 scenam
372 1069 669 1125 exornandam
695 1068 930 1108 neceffaria.
971 1069 1135 1109 Pariter
1163 1069 1247 1116 hic,
1276 1076 1325 1106 ut
1353 1070 1403 1106 in
1430 1067 1503 1105 Ei-

91 1132 227 1191 dyllio
246 1145 409 1184 octavo,
440 1135 528 1173 duo
552 1132 733 1186 pastores
761 1143 803 1173 et
831 1135 969 1175 iidem
995 1133 1190 1186 Daphnis
1218 1143 1261 1174 et
1288 1132 1505 1173 Menalcas

90 1204 143 1243 acl
176 1203 349 1242 alterius
393 1200 649 1242 arbitratum
690 1208 853 1238 certant
890 1200 1113 1239 cantando.
1169 1198 1257 1237 Nifi
1291 1193 1505 1239 obstarent

88 1267 319 1315 nonnulla,
361 1264 640 1319 suspicareris,
681 1276 819 1303 unam
853 1263 1074 1302 Theocriti
1104 1263 1312 1317 Eclogam
1346 1262 1396 1302 ab
1426 1263 1505 1302 ho-

88 1335 213 1374 mine
234 1330 371 1371 otioso
398 1328 522 1369 fuiffe
553 1329 645 1367 iam
675 1329 788 1368 olim
813 1329 860 1367 in
881 1328 989 1368 duos
1018 1327 1271 1367 distractam.
1307 1327 1391 1368 Sed
1419 1327 1505 1368 hoc

30 1408 35 1413 “
90 1407 202 1438 certe
231 1391 334 1449 (effssye
354 1389 597 1450 βελομένοις
615 1393 705 1448 ὑμῖν
723 1391 825 1440 ἐστι,
851 1392 915 1430 fin
935 1386 1102 1443 minus,
1129 1393 1348 1432 calculum
1376 1393 1503 1432 redu-

90 1464 220 1512 cam‚)
248 1460 394 1508 statuo,
424 1459 583 1513 plures,
614 1471 720 1508 quos
740 1457 927 1511 legimus
949 1459 992 1498 in
1017 1467 1168 1498 octavo
1195 1459 1387 1498 carmine
1406 1471 1503 1498 ver-

91 1527 162 1567 sus
190 1527 362 1566 alterius
387 1522 619 1563 industriae
651 1523 819 1569 deberi3
847 1524 921 1575 qui
950 1524 1224 1572 Theocriteis,
1255 1533 1306 1563 ut
1332 1523 1505 1562 hiatum

95 1593 250 1632 codicis
277 1590 504 1644 suppleret,
535 1587 684 1628 adfinis
714 1589 960 1640 argumenti
986 1589 1224 1629 nonnullos
1250 1587 1505 1628 interserue-

90 1659 158 1706 rit,
187 1657 415 1696 nonnullis
443 1655 664 1693 Theocriti
689 1652 774 1691 huc
803 1653 978 1691 aliunde
1007 1654 1218 1693 translatis
1243 1654 1387 1707 plures
1413 1667 1434 1693 a
1462 1652 1505 1693 fe

88 1736 180 1762 non
199 1722 367 1774 optime
388 1722 577 1760 tornatos
598 1719 806 1758 adiecerit.
849 1717 958 1771 Quis
980 1718 1177 1758 nostrum
1202 1719 1371 1767 dixerit,
1396 1727 1504 1772 quot

89 1786 235 1827 versus
259 1786 389 1839 spurii
414 1787 461 1824 in
483 1784 821 1836 quibuscunque
839 1781 982 1823 Poetis
1007 1785 1222 1824 veteribus
1250 1798 1330 1824 nos
1357 1784 1504 1822 ludifi-

90 1851 273 1892 centur?
331 1850 511 1889 Utinam
555 1850 666 1888 hanc
714 1857 884 1901 partem
917 1849 1258 1901 pertractandam
1299 1847 1505 1888 sumfiffet

13 1930 28 1946 s
92 1917 336 1971 Benclejufi
366 1911 631 1954 feliciffimus
651 1914 724 1952 ille
745 1913 952 1953 fraudum
975 1913 1217 1955 istiusmodi
1244 1916 1292 1953 in
1313 1914 1503 1953 Manilio

89 1990 294 2034 repertor.
347 1980 612 2018 leeocriceis
639 1978 783 2018 versus
811 1977 973 2031 spurios
1002 1980 1240 2031 permixtos
1269 1992 1320 2021 eo
1350 1980 1502 2019 minus

90 2044 414 2093 admirandum,
440 2044 557 2097 quod
586 2045 634 2083 in
661 2043 827 2083 vetusto
859 2043 1078 2083 Theocriti
1101 2044 1258 2084 Codice
1284 2044 1400 2084 istius
1428 2057 1502 2098 ge-

92 2112 208 2151 neris
227 2109 444 2163 octoginta
462 2117 644 2161 quatuor
669 2109 873 2148 inventos
903 2109 1171 2162 evulgaverit
1197 2110 1246 2148 in
1272 2110 1388 2150 notis
1418 2108 1505 2148 suis

93 2175 304 2226 Scaliger.
346 2175 523 2226 Ineptus
540 2185 698 2212 eorum
723 2182 854 2226 pater,
887 2174 1093 2212 videntur
1123 2175 1247 2213 enim
1273 2175 1320 2214 in
1347 2174 1505 2214 eodem

94 2240 304 2282 cerebello
332 2239 506 2288 edolati‚
535 2237 604 2278 sex
636 2237 882 2292 praefixerat
911 2238 1102 2290 Eidyllio
1129 2239 1297 2287 XXV113
1326 2239 1505 2292 quadra-

92 2308 235 2361 ginta,
273 2302 536 2351 Heraclisc03
572 2303 727 2356 reliqui
759 2304 933 2357 triginta
969 2313 1010 2342 et
1036 2312 1135 2344 octo
1164 2293 1354 2357 Eidyllio
1381 2305 1505 2344 XXV.

95 2370 334 2424 supplendo
366 2367 667 2408 inserviebant.
712 2368 882 2408 Praeter
907 2367 1012 2408 alios
1041 2367 1187 2409 versus
1216 2370 1360 2419 duros,
1394 2379 1507 2409 certe

95 2434 399 2476 bucolicorum
417 2434 657 2473 dulcedinis
680 2443 894 2486 expertes
885 2466 896 2486 ‚
927 2445 1004 2486 pro
1026 2431 1178 2486 spuriis
1209 2444 1253 2474 et
1276 2434 1509 2489 interpola-

96 2500 152 2539 tis
168 2500 216 2538 in
234 2510 380 2539 octavo
403 2498 592 2551 Eidyllio
614 2498 842 2538 habuerim
867 2498 1093 2551 plerosque
1122 2499 1341 2554 elegiacos,
1369 2500 1507 2553 inpri-

97 2565 184 2604 mis
204 2573 351 2603 autem
377 2573 684 2618 pentametros,
713 2562 817 2601 huic
843 2563 1025 2602 carmini
1051 2556 1309 2614 intersertos,
1335 2567 1509 2619 penitus

100 2630 274 2684 ignotos
294 2627 466 2668 vetustis
489 2627 803 2676 Grammaticis,
836 2628 915 2668 ubi
945 2628 997 2668 de
1023 2640 1166 2670 *netto
1191 2644 1314 2686 egere
1336 2631 1509 2671 Bucoli-

99 2706 178 2746 ω’,
200 2692 270 2732 sed
287 2693 335 2732 hi
354 2694 463 2733 dum
481 2694 530 2734 in
549 2692 676 2733 versu
693 2693 901 2734 Bucolico
926 2694 1171 2736 definiendo
1192 2697 1383 2737 minime
1408 2709 1509 2737 con-

96 2762 298 2800 venirent
315 2760 428 2812 inger
445 2758 506 2809 se,
536 2760 757 2800 videretur
778 2767 929 2799 autem
953 2772 1034 2811 res,
1064 2773 1197 2814 quarn
1227 2762 1382 2802 leviter
1411 2762 1509 2801 atti-

1545 569 1619 594 xlv.

1539 2505 1598 2528 XV.
