1650 2970
401 608 1333 683 L.c.‘VALCKVENARf11.

148 724 1591 812 PRAEFATIO.

805 909 871 938 AD

151 1021 532 1075 THEOCRITI,
573 1019 789 1065 BIONIS
822 1021 905 1063 ET
939 1020 1188 1064 MOSCHI
1223 995 1522 1071 CARMINA

424 1136 576 1183 amm
599 1144 758 1204 nuel).
782 1126 896 1182 im.
922 1142 1248 1183 MDchxxxx.
1278 1159 1282 1162 -

146 1281 298 1357 Haec
330 1319 505 1371 quidem
538 1320 680 1359 Editio
713 1320 957 1359 carminum
986 1308 1221 1367 Theocriti,
1261 1317 1429 1365 Bionis,
1472 1313 1522 1353 'et

145 1394 330 1444 Moschi,
361 1397 556 1448 quamvis
584 1397 704 1436 Facile
732 1398 868 1436 carere
886 1396 1016 1450 poffet
1042 1386 1320 1449 praefatione,
1347 1405 1522 1446 perpau-

146 1473 204 1512 cis
225 1458 369 1512 tamen
393 1475 562 1513 videtur
582 1475 926 1528 significandum,
952 1474 1053 1527 quid
1081 1474 1128 1512 in
1154 1473 1224 1512 illa
1251 1471 1377 1511 fuerit
1404 1481 1521 1522 prae-

145 1548 303 1589 stitum.
362 1550 458 1591 Post
479 1560 542 1591 t'ot
567 1552 788 1591 Editiones
808 1551 1049 1599 Theocriti,
1077 1550 1141 1589 his
1171 1539 1374 1602 proximis
1400 1547 1521 1585 annis

145 1628 365 1679 repetitas,
394 1629 540 1667 amicis
571 1629 824 1682 quibusdam
851 1616 958 1667 ineis
978 1623 1156 1666 'tandem
1184 1627 1275 1665 tells
1301 1622 1522 1662 videbatur

146 1705 325 1756 requiri,
353 1705 524 1756 qualem
543 1685 640 1744 ante
655 1704 734 1743 hoc
756 1703 1009 1743 sexennium
1038 1703 1266 1743 scribebam
1289 1700 1429 1741 Forsan
1446 1700 1523 1738 ali-

145 1769 316 1832 quando
335 1782 622 1832 prodituram3
647 1783 692 1820 in
709 1776 789 1834 qna
810 1782 1021 1820 Codicum
1044 1782 1244 1820 lectiones
1270 1788 1395 1831 atque
1422 1777 1523 1815 Edi-

147 1857 327 1897 tionum
356 1867 553 1901 veterum
580 1867 824 1898 memoratu
852 1859 1034 1912 dignae,
1070 1859 1341 1911 virorumque
1366 1856 1522 1894 Docto*-

148 1947 251 1995 rum
270 1936 574 1975 exhiberentur
601 1937 877 1975 coniecturae.
934 1936 1046 1976 Haec
1069 1937 1207 1988 itaque
1235 1935 1317 1973 fuit
1341 1946 1391 1990 eg<
1414 1932 1522 1972 Cari-

149 2012 386 2065 tabrigienfi
402 2013 660 2052 Wintertoni
681 2014 870 2066 expreffa.
931 2013 1147 2068 Quidquid
1165 2010 1428 2052 aCodicibus
1449 2010 1524 2049 ob-

151 2089 291 2129 latum
322 2089 407 2129 fine
436 2090 715 2130 controverfia
743 2087 960 2130 videretur
984 2089 1304 2136 Theocriteum,
1339 2088 1387 2126 in
1421 2099 1522 2126 con-

152 2175 323 2205 textum
351 2167 434 2206 fuit
461 2181 483 2206 a
509 2181 582 2207 me
610 2177 852 2220 receptum:
899 2168 1000 2207 aliae
1033 2168 1163 2207 etiam
1195 2166 1407 2222 Codicum
1440 2164 1523 2202 five

95 2236 98 2237 ⁷
151 2234 386 2296 probabiles
419 2238 491 2284 se‘u
527 2244 732 2298 speciosae
763 2244 964 2284 lectiones
995 2258 1044 2284 ex
1070 2243 1151 2284 istis
1185 2242 1283 2302 sunt
1321 2249 1522 2287 enotatae,

153 2334 277 2371 quas,
303 2334 324 2360 a
353 2322 558 2362 Wartono
579 2323 789 2376 vulgatas,
813 2322 1033 2376 collegerat
1059 2310 1229 2362 Iacobus
1255 2319 1523 2358 Sanctaman-

153 2397 243 2436 dus.
283 2397 527 2438 Nonnullae
548 2413 599 2439 ex
619 2400 818 2439 Palatinis
835 2400 944 2439 olim
963 2394 1189 2440 Codicibus
1202 2411 1225 2436 a
1240 2395 1435 2435 Salmafio
1454 2376 1525 2433 ex}

155 2484 316 2528 cerptae
342 2476 390 2515 in
418 2476 526 2516 libro
546 2477 730 2529 prostant
750 2475 941 2517 Vosfiano
968 2464 1167 2517 Biblioth.
1187 2474 1298 2514 Leid.
1355 2471 1526 2512 Parifini

155 2550 322 2592 Codicis
345 2554 499 2607 optimi
519 2554 720 2594 lectiones
741 2555 1010 2595 adnotaverat
1028 2539 1179 2594 Ciariff.
1215 2549 1358 2591 Noster
1374 2546 1526 2607 Ruhn-

153 2629 326 2676 kenius,
354 2630 423 2670 cui
447 2631 657 2671 debentur
684 2633 816 2672 etiam
849 2641 1097 2687 argumenta
1121 2638 1259 2670 vetera
1285 2627 1527 2667 carminum

154 2706 388 2762 Theocriti,
411 2708 567 2748 idcirco
583 2708 685 2748 huic
709 2710 854 2750 libello
882 2703 1075 2763 praefixa,
1103 2721 1159 2748 ne
1175 2703 1340 2762 prorsus
1359 2704 1430 2744 illa
1454 2715 1526 2744 ne·
