1748 2982
425 180 518 225 AD
552 179 629 224 Μ.
673 153 1012 224 ROVERUM
1048 180 1086 223 1.
1119 181 1171 224 c.
1407 189 1498 238 285

95 300 180 341 dae
198 299 357 354 legerat
385 299 682 347 comoediam,
706 296 817 358 ῥῆσιν
847 297 911 337 ibi
938 296 1173 351 depositam
1201 308 1422 351 repetens,
1451 310 1503 341 ut

21 381 37 386 ’
94 365 297 412 arbitror,
335 378 358 404 e
389 365 659 417 Theopompo
689 362 930 412 historico),
987 364 1276 416 Ilerrmppus,
1314 366 1502 405 Menan-

96 430 198 478 der,
251 431 546 478 Menecrates,
592 425 930 484 Mnesimachus,
978 428 1288 488 Nicostratus,
1338 430 1502 469 Phere-

96 504 262 544 crates,
293 495 543 544 Philemon,
583 494 883 546 Philippides,
920 494 1181 548 Philyllius,
1224 495 1503 548 Phrynichus,

100 561 263 608 Plaw,
304 560 520 610 Stractis,
563 559 603 598 T
598 559 821 608 eleclides,
867 559 1184 612 Theopompus,
1234 560 1502 601 Xenarchus.

60 674 62 679 Ι
98 625 187 682 Qui
204 635 270 666 tot
291 624 517 673 comicos,
542 625 769 679 plerosque.
790 622 883 664 satis
902 625 1173 678 frequenter,
1204 626 1371 674 laudat,
1401 621 1505 666 riul-

95 691 186 730 lam
216 700 366 732 tamen
396 691 555 745 legerat
587 688 901 737 comoediam,
928 689 1014 729 five
1036 690 1349 745 Tragoediam,
1394 705 1504 745 quae

95 756 281 811 perierit.
349 756 415 796 Ex
447 756 529 796 hoc
557 754 791 809 specimine
826 756 983 808 poterit
1017 756 1070 794 de
1103 756 1277 810 reliquis
1311 758 1503 797 iudicari.

97 822 390 863 Comicorum
407 819 586 863 istorum
608 811 736 861 xierba
765 820 966 873 pleraque
997 819 1209 875 descripsit
1243 821 1505 881 Eustachius

97 900 150 926 ex
176 887 397 926 Athenaeo
419 915 430 934 ‚
469 886 543 940 qui
571 884 681 926 solus
715 895 930 939 praeterea
963 888 1222 938 quorumvis
1252 887 1502 928 Auctornm

95 951 215 1002 loca,
242 961 286 991 et
304 952 385 991 alia
413 961 590 992 centena
619 950 694 1004 ipsi
722 949 1075 992 subministravit.
1133 953 1330 1007 Diligens
1353 954 1502 992 Hero-

95 1017 195 1056 doci
213 1017 368 1064 lector,
398 1016 684 1071 Geographica
702 1017 837 1057 hausit
862 1030 885 1057 e
915 1016 1133 1057 Strabone
1161 1027 1203 1057 et
1226 1031 1248 1057 e
1278 1017 1500 1069 Stephano

97 1082 367 1135 Byzantino,
397 1082 445 1121 in
466 1095 552 1135 quo
576 1083 742 1122 diversis
765 1082 1125 1135 adpellationibus
1149 1082 1408 1136 designando
1430 1097 1498 1136 pa-

94 1149 199 1189 riter
228 1147 366 1196 ludit,
402 1155 453 1188 ut
486 1147 535 1187 in
564 1146 837 1208 Archestraci
874 1149 1068 1188 carmine
1097 1149 1352 1188 Athenaeus.
1424 1149 1500 1188 His

94 1213 201 1265 adde
223 1211 407 1265 Apionis
424 1220 468 1251 et
487 1211 713 1261 Herodoti
740 1214 788 1253 in
819 1213 973 1262 Iliada,
1002 1213 1278 1266 aliorumque
1308 1213 1501 1253 vetustis-

93 1277 198 1317 sime
218 1278 265 1317 in
289 1286 529 1331 utrumque
550 1278 713 1319 Poema
734 1276 924 1325 Scholia3
953 1277 1118 1332 copiosa
1141 1279 1251 1317 Aelii
1273 1275 1501 1334 Dionysii,

97 1337 350 1401 Pausaniae
369 1352 411 1382 et
431 1343 619 1382 aliorum
635 1343 799 1395 aliquot
819 1342 994 1390 hexica3
1021 1356 1340 1396 perpaucorum
1365 1343 1500 1383 Tech-

94 1407 327 1455 nieorum,
356 1407 628 1448 Heraclidae
652 1407 963 1456 ‘alexandrina
995 1417 1035 1446 et
1054 1406 1300 1447 Herodiani
1329 1407 1502 1463 scripta3

95 1473 240 1527 sontes
258 1469 458 1522 habebis,
489 1474 644 1525 quibus
673 1471 771 1512 solis
802 1473 931 1526 longe
962 1473 1205 1512 maximam
1232 1483 1501 1513 commenta·

96 1539 269 1581 riorum
285 1546 456 1591 partem
476 1537 742 1577 derivaverit.
802 1536 885 1577 Sed
912 1539 1056 1576 Poetas
1080 1535 1316 1590 superstites
1337 1538 1501 1591 pleros-

97 1617 180 1657 que
197 1603 355 1657 legerat
382 1602 726 1658 diligentisfime3
756 1612 798 1642 et
817 1616 840 1643 e
866 1602 1095 1656 deperditis
1114 1603 1390 1655 quorundam
1417 1615 1502 1642 car·

94 1669 319 1717 minibus,
367 1681 474 1721 quae
503 1677 716 1721 repererat
742 1669 856 1722 apud
883 1667 1220 1715 Grammaticos,
1260 1668 1501 1721 fragmenta

93 1734 281 1790 profert,
327 1746 434 1786 quae
477 1733 626 1774 frustra
668 1745 971 1786 quaereremus
1015 1731 1136 1771 alibi:
1189 1731 1501 1784 saepenumero

95 1801 228 1840 etiam
256 1799 514 1839 melioribus
539 1798 773 1838 Poetarum
797 1797 1015 1837 codicibus
1043 1795 1169 1846 usus,
1202 1811 1269 1838 eas
1300 1799 1503 1838 indidem

96 1865 323 1919 depromit,
340 1864 569 1912 lectiones,
608 1864 766 1918 quibus
789 1860 1153 1918 ingeniosissimus
1182 1875 1275 1903 non
1307 1864 1404 1904 esset
1431 1878 1503 1904 ex·

95 1929 346 1984 cogitandis.
418 1928 477 1969 Ut
511 1931 559 1968 in
595 1930 750 1970 orbem
780 1929 979 1977 redeam,
1014 1926 1192 1977 versum
1223 1938 1270 1975 ,et
1308 1928 1499 1971 hemisti-

98 1996 249 2034 chium
281 2007 304 2033 e
331 1994 552 2033 Theocriti
580 1994 812 2042 Berenice,
848 1993 1039 2033 carmine
1069 1994 1290 2046 deperdito
1319 1996 1501 2047 protulit

98 2057 221 2120 Eust.
247 2058 298 2097 ad
321 2058 366 2097 Il.
385 2058 448 2103 H.
470 2073 510 2111 p.
534 2057 657 2100 1088.
677 2071 719 2098 v,
738 2067 795 2097 12.
814 2071 972 2097 verum
993 2058 1096 2097 haec
1117 2068 1159 2098 et
1177 2060 1363 2112 r.eliqua,
1392 2074 1500 2113 quae

95 2125 156 2164 ibi
184 2124 416 2178 leguntur,
457 2136 508 2163 ex
535 2124 755 2162 Athenaeo
780 2135 877 2162 non
893 2123 1135 2163 *nominato
1159 2123 1499 2177 transscripserat.

26 2213 30 2217 -
98 2188 304 2244 Quinque
325 2185 469 2229 versus
493 2201 516 2228 e
533 2188 739 2229 Berenice
772 2187 990 2228 Theocriti
1007 2186 1234 2228 custodivit
1251 2187 1497 2230 Athenaeus

97 2254 196 2302 VII,
233 2267 273 2307 p.
301 2250 404 2303 284.
433 2256 482 2294 A,
512 2267 618 2307 quos
645 2253 701 2292 ita
727 2253 976 2293 emendatos
1007 2252 1258 2307 descripsere
1289 2254 1500 2308 Scaliger,

106 2314 411 2378 Casaubonus,
441 2327 485 2358 et
503 2313 724 2375 Heinsius,
750 2325 802 2357 ut
819 2326 969 2358 tamen
988 2330 1141 2358 eorum
1158 2319 1368 2372 primum,

208 2429 299 2476 Καί
317 2445 384 2480 τις
411 2426 507 2490 aivi?
533 2427 710 2474 αἰτεῖται
735 2425 1012 2488 &meon-&vav
1039 2444 1090 2473 τε
1115 2429 1182 2474 καὶ
1209 2425 1351 2484 ὄλβον,

99 2561 201 2602 pace
225 2549 492 2611 Magnorum
525 2550 722 2590 virorum
749 2548 805 2590 fic
837 2550 1024 2591 omnino
1061 2550 1367 2607 corrigendum
1398 2565 1500 2594 cen.

100 2611 237 2654 seam:

212 2709 292 2758 Κεῖ
308 2732 372 2765 τις
397 2713 494 2775 α’νῆξ
521 2714 665 2760 αἱτεῖτ
694 2713 964 2776 εὐαγςοσύναν
988 2731 1039 2761 τε
1066 2715 1134 2762 καὶ
1161 2711 1286 2771 ὄλβον

210 2779 282 2839 Ἐξ
309 2777 422 2832 οέλός.

1522 1150 1604 1174 xxu.
