1748 2982
434 146 526 190 AD
560 145 635 189 M.
672 133 1011 188 RO'VERUM
1046 145 1084 187 1.
1117 145 1168 188 c.
1417 153 1509 196 εει

43 272 48 277 ’
110 274 225 306 recte
253 263 377 319 posui
402 263 515 304 nihil
545 263 689 304 attulit
716 261 978 320 Efflachius
1002 262 1050 302 in
1077 261 1163 302 suis
1197 263 1248 302 ad
1285 262 1518 303 Homerum
1536 275 1607 298 ›nx-

107 332 455 377 commentariis3
493 331 564 384 qui
594 343 618 369 e
643 328 820 382 singulis
846 326 1034 367 sedecim
1055 328 1276 381 Eidylliis,
1314 338 1445 381 prout
1466 331 1515 370 in

113 397 308 436 editione
331 392 562 451 Heitfiana
581 393 784 448 prostant,
811 393 988 447 primis,
1019 395 1220 433 excitavit
1245 393 1284 430 T
1279 393 1519 447 heocrz'tea,

107 471 406 515 praeterquam
438 474 490 501 ex
511 460 632 512 A‘z'te3
657 459 770 498 nihil
802 468 977 508 autem,
1003 459 1126 513 quod·
1148 459 1461 510 meminerint,
1493 473 1517 500 e

109 526 286 579 reliq‘uis
320 526 607 572 carminibus,
641 537 747 578 quae
777 524 826 562 in
858 521 1011 563 nostris
1049 523 1313 564 editionibus
1347 538 1518 566 nomen

107 590 359 644 praeferunt
395 591 638 640 Theocriti,
675 589 754 628 nifi
783 602 837 629 ex
872 589 1010 638 XXII,
1049 589 1200 638 XXIV,
1236 589 1377 629 XXVI.
1415 599 1457 630 et
1494 604 1517 630 e

106 653 284 714 Fistula.
344 656 438 697 Hoc
458 654 604 711 posui,
633 655 814 694 Ro'vere
841 652 1161 703 Eruditisfime,
1190 667 1236 693 re
1263 669 1394 708 quam
1420 656 1517 695 dili-

104 719 351 775 gentissime
379 722 610 776 explorata:
642 729 686 760 et
713 728 863 759 tamen
883 720 972 759 fieri
999 718 1123 757 facile
1152 719 1287 772 potest
1313 730 1363 760 ut
1392 720 1516 775 quid-

108 787 230 839 piam
251 785 476 826 omiserim
490 817 500 836 ,
526 786 638 826 dum
658 783 853 824 versabar
869 786 917 824 in
937 783 1176 844 Ezfiatlzio
1191 815 1201 833 ,
1232 785 1285 824 de
1305 786 1517 826 Bucolico

105 863 198 890 non
218 853 356 906 magis
379 852 591 906 cogitans,
625 863 758 905 quam
778 851 830 889 de
852 852 1011 890 ceteris.
1069 851 1135 889 Ex
1152 850 1331 905 Ecloga,
1362 851 1414 890 de
1435 863 1520 903 qua

106 917 302 970 egimus,
333 926 500 963 octava,
534 917 753 956 ultimum
781 914 957 955 versum
983 916 1035 955 ad
1062 916 1141 956 Od.
1167 917 1220 956 A.
1247 930 1287 970 p.
1317 931 1374 970 71.
1402 930 1444 958 v,
1478 930 1518 972 7.

108 983 249 1037 attigit
274 980 556 1042 Ezastatlziu55
586 979 761 1020 versum
782 992 932 1022 autem
953 981 1026 1035 87,

208 1075 331 1128 ''A-ras
361 1077 461 1141 ὑπὲρ
489 1081 674 1138 κεφαλᾶς
703 1078 779 1123 αἰεὶ
805 1078 876 1123 τὸν
903 1077 1095 1136 ἀμολγέα
1124 1082 1286 1137 πληροῖ,

109 1195 204 1223 non
226 1191 402 1222 tantum
423 1181 593 1236 respicit
619 1183 670 1222 ad
699 1183 746 1222 Il.
767 1181 818 1222 Ο.
842 1198 882 1237 p.
906 1194 1020 1224 1022.
1043 1196 1085 1222 v,
1105 1181 1172 1223 25.
1195 1181 1263 1222 sed
1286 1196 1422 1237 paene
1452 1192 1519 1224 to-

104 1257 205 1287 tum
221 1250 403 1302 protulit
422 1249 474 1288 ad
497 1249 578 1289 od.
597 1249 626 1286 1.
645 1262 685 1301 p.
706 1246 813 1302 549.
835 1262 877 1287 v.
899 1259 966 1288 20.
983 1257 1034 1288 ut
1051 1246 1313 1296 ostenderet,
1339 1246 1410 1290 τὸν
1429 1264 1522 1291 ποι·

102 1313 257 1370 μενικόν
275 1310 430 1367 ’γαυλόν
453 1327 475 1352 a
503 1312 732 1351 Theocrito
759 1314 927 1352 dictum
950 1312 1073 1352 fuiffe
1092 1308 1301 1367 Ἀμολγέοι
1315 1323 1324 1333 ·
1353 1315 1519 1353 Verum

102 1391 161 1418 ne
179 1378 387 1431 inpletum
403 1377 585 1431 quidem
607 1377 719 1417 illud
737 1377 965 1417 mulctrale
985 1378 1154 1416 videtur
1180 1378 1416 1429 Theocriti,
1444 1379 1519 1433 qui

102 1441 263 1492 πελλας
290 1452 471 1483 noverat
499 1452 542 1482 et
567 1439 734 1496 ’γαυλιιὶς
763 1443 801 1490 1,
833 1442 904 1483 26.
937 1443 998 1490 V,
1027 1440 1099 1484 58.
1134 1442 1366 1497 utrobique
1393 1453 1518 1490 nota-

103 1498 233 1548 verat'
257 1506 525 1565 Scholiasta,
564 1507 815 1546 mulcet-alia
841 1508 975 1562 vulgo
1000 1516 1150 1548 vocata
1184 1505 1423 1565 εἰμολγέας·
1465 1511 1519 1549 ad

31 1607 33 1610 ,
101 1575 297 1628 priorem
330 1574 476 1613 locum
505 1586 626 1612 nunc
653 1585 881 1626 perperam
910 1573 1114 1626 vulgatur
1144 1572 1349 1627 οἱμολγές.
1427 1575 1517 1630 Qui

0 1669 1 1680 ,
42 1688 50 1699 ξ
103 1651 279 1678 carmen
307 1640 443 1687 XXV,
471 1638 662 1677 minime
695 1637 1015 1686 Theocriteum,
1052 1636 1239 1692 pepigit,
1270 1638 1382 1679 forte
1414 1653 1517 1679 con-

102 1704 218 1744 ditor
247 1704 472 1751 carminis,
507 1703 621 1756 quod
655 1701 732 1742 sub
760 1704 946 1743 nomine
973 1702 1171 1757 Megarae
1197 1699 1382 1763 Mescho
1412 1703 1520 1745 solet

27 1778 33 1783 ’
103 1767 305 1817 adscribi,
333 1783 374 1809 v.
395 1768 486 1808 106.
507 1761 706 1824 ἀμέλγιον
724 1768 952 1807 mulctrale
976 1768 1193 1809 nominat.
1246 1768 1517 1809 Clitarchus

99 1835 215 1889 apud
235 1834 522 1883 Athenaeum,
553 1834 605 1873 ex
627 1834 903 1874 eruditorum
923 1831 1084 1886 scriptis
1105 1832 1308 1887 nuspiam
1328 1832 1517 1888 αἱμολγέαι

103 1909 460 1946 memorantem,
489 1898 557 1938 XI.
582 1912 622 1952 p.
641 1898 748 1952 495.
771 1913 804 1938 c.
828 1898 1043 1947 observat,
1070 1898 1318 1947 mulctrale,
1345 1901 1394 1938 in
1413 1901 1518 1940 Lin-

99 1976 184 2020 gua
200 1965 436 2003 communi
454 1960 644 2020 σῖμολγέα
655 1993 665 2012 ,
688 1977 712 2003 a
728 1963 931 2003 Theffatis
954 1962 1125 2002 dictum
1143 1963 1265 2003 suiss'e
1292 1964 1519 2015 Πελλητῆ-

34 2033 62 2083 J
101 2040 179 2088 ga·
213 2023 450 2088 Hesychius
478 2030 719 2086 invenerat,
744 2039 796 2068 ut
814 2038 946 2083 puto,
970 2029 1019 2067 in
1054 2027 1276 2068 Clitarchi
1303 2029 1520 2081 Gloffario‚

101 2094 405 2152 Πελλαντῆξα,
430 2094 544 2147 quod
570 2093 870 2146 praetulerim:
901 2094 973 2146 qui
996 2094 1197 2149 proxime
1219 2094 1341 2148 apud
1362 2095 1516 2135 Athen.

104 2160 260 2199 citatur
284 2158 478 2198 Philetas
499 2157 538 2201 ἐν
557 2155 756 2207 ἀτάκτοις
774 2157 1002 2209 (mendose
1024 2158 1226 2199 scribitur
1245 2157 1284 2201 ἐν
1307 2155 1518 2208 Ἀττικαῖς

103 2240 145 2279 p.
179 2225 285 2279 467.
329 2223 393 2268 F.)
431 2225 663 2263 minutum
702 2224 922 2278 quoddam
961 2223 1188 2263 mulctrale
1226 2224 1518 2274 adnotaverat,

68 2332 73 2343 f
106 2291 226 2344 quod
253 2290 470 2329 diceretur
490 2285 736 2345 ’'Appen-ng,
756 2291 813 2334 vin
846 2285 1097 2347 Gasauboni
1122 2289 1274 2330 Anim.
1299 2291 1515 2332 X1.1c.1V.
1539 2304 1598 2329 xx.

102 2369 146 2409 p.
165 2354 263 2410 785.
294 2369 337 2397 V.
359 2353 434 2398 58.
505 2354 751 2395 Neminem
774 2364 925 2396 antem
954 2354 1119 2394 dederis
1148 2354 1517 2406 Grammaticum,

108 2421 186 2475 qui
224 2421 271 2461 in
307 2421 574 2459 Theocriteis
603 2418 687 2460 suis
722 2420 943 2460 invenerit
978 2417 1051 2462 τὸν
1086 2413 1297 2474 ἆμολγεῖκ,
1352 2431 1517 2474 praeter

93 2475 300 2525 'unicum
327 2485 632 2547 Eufiathz'un13
663 2485 716 2525 de
745 2499 831 2539 quo
850 2498 952 2539 pace
969 2486 1065 2528 Tua
1089 2498 1222 2539 pauca
1247 2485 1516 2536 interseram,

67 2564 70 2565 ⁷
108 2550 160 2590 ab
195 2549 390 2591 instituto
423 2564 516 2591 non
550 2550 702 2591 aliena.
741 2571 797 2579 ——
841 2551 1030 2591 Protulit
1061 2548 1218 2590 scilicet
1255 2550 1519 2605 Eustachius

106 2616 324 2657 nonnulla
355 2615 431 2656 sub
471 2617 658 2657 nomine
698 2615 943 2667 Theocriti,
988 2628 1095 2670 quae
1140 2629 1244 2655 cum
1285 2626 1397 2656 certe
1435 2617 1518 2657 lint

116 2670 400 2730 Thebc-ritca,
434 2683 481 2722 in
508 2683 595 2722 illis
623 2681 911 2728 carminibus,
942 2693 1049 2736 quae
1081 2681 1133 2720 ad
1157 2694 1238 2721 nos
1265 2695 1517 2735 pervenere,

107 2759 202 2787 non
219 2747 508 2803 reperiantur,
528 2760 672 2802 neque
700 2755 849 2787 tamen
871 2745 1134 2807 Euftatltius
1153 2746 1428 2803 deperditum
1447 2748 1516 2787 vi-
