1748 2982
395 212 400 220 .
433 156 527 201 AD
557 155 634 199 M.
668 141 1007 198 RovERUM
1043 156 1081 199 1.
1111 153 1160 197 c.
1415 166 1508 211 271

102 278 209 318 citer
224 275 472 331 persequar,
493 275 560 315 ita
585 283 633 315 ut
661 284 900 326 coeperam.
959 271 1140 312 Poetam
1155 271 1514 326 circumspicien-

100 345 160 394 ti,
190 344 313 383 cuius
326 343 426 382 loca
444 342 656 395 quaedam
677 333 843 394 poll'ent
857 339 1044 386 tractari,
1075 339 1248 391 primus
1266 340 1515 380 occurrebat

102 408 360 462 Sophocles,
386 416 428 447 et
457 414 627 460 propter
651 403 774 457 suam
795 402 1076 458 dignitatem,
1104 412 1148 442 et
1168 403 1284 455 quod
1312 413 1512 456 poteram

101 474 241 514 videri
270 469 494 525 cumipso
531 464 786 513 consuevisse
820 468 1103 508 familiariter.
1170 467 1367 519 Verum,
1400 470 1512 509 dum

100 540 157 579 ita
179 551 254 578 me
276 538 600 592 comparabam,
633 543 680 575 ut
705 535 778 588 qui
809 547 832 574 e
860 533 1016 574 loculis
1045 532 1132 572 suis
1158 531 1394 587 Sophoclea
1423 547 1514 574 car-

100 613 243 658 peret,
274 617 378 643 cum
404 603 586 642 Ro'vero
617 600 1011 648 communicanda,
1037 598 1269 638 confilium
1297 599 1408 638 illud
1437 600 1512 639 da-

99 666 266 709 mnavi.
327 668 428 708 Non
455 668 554 708 unis
584 659 735 707 niteris
765 666 1085 713 intellexeram,
1116 665 1275 704 Virum
1302 663 1512 705 humani-

101 736 202 775 tatis
230 743 273 774 et
303 733 530 774 literarum
558 728 682 772 cul‘tu
719 728 1055 771 Ornatissimum
1083 731 1186 770 alibi
1223 739 1438 769 terrarum
1461 730 1511 770 in

100 798 316 852 Sophocle
346 799 564 854 vulgando
601 794 681 838 effe
720 804 996 850 occupatum.
1071 796 1284 837 Nolebam
1316 796 1510 850 profecto

100 865 291 919 cuipiam
309 865 448 904 videri
472 855 652 917 -captaffe
684 862 951 902 occasionem
982 863 1113 910 hanc,
1140 862 1506 901 emendatiuncu-

99 931 161 970 las
182 924 484 983 depromendi,
511 941 568 968 ne
587 929 683 968 illae
703 927 876 967 al!.e·ius
899 928 1042 967 labore
1060 929 1418 981 praeriperentur,
1447 937 1509 966 at-

101 1009 186 1050 que
205 1002 284 1049 ego
303 1003 404 1035 tum
430 992 609 1034 scilicet!
643 993 863 1033 fraudarer
889 992 1161 1033 inventionis
1189 994 1380 1048 gloriola.
1440 996 1510 1034 Tu

98 1071 250 1102 tamen
269 1060 378 1099 illud
398 1060 445 1098 in
464 1060 670 1099 animum
689 1071 782 1099 non
800 1056 1047 1101 intimares,
1077 1058 1212 1111 probe
1234 1071 1408 1113 gnarus,
1431 1073 1509 1099 me

99 1127 399 1177 cuiuscunque
421 1124 635 1172 laborem,
668 1125 836 1164 nedum
859 1125 941 1164 viri
971 1123 1099 1173 boni,
1125 1124 1173 1164 in
1198 1125 1377 1178 Tragico
1399 1126 1509 1165 bene

1533 927 1594 952 vu.

99 1188 386 1240 collocatum,
430 1185 545 1244 grata
581 1199 734 1229 mente
777 1199 1085 1242 excepturum;
1134 1198 1262 1242 atque
1291 1202 1338 1228 ea
1374 1192 1509 1230 etiam
1570 1190 1572 1194 ’

98 1257 226 1311 ipsius
254 1254 496 1304 observata,
527 1268 550 1294 e
577 1255 734 1308 quibus
765 1267 846 1300 nos
870 1256 958 1294 duo
984 1267 1136 1307 parem
1169 1255 1398 1308 percepisse
1428 1269 1508 1296 vo.

98 1322 273 1375 luptatis
310 1321 529 1369 fruetum,
561 1330 605 1359 et
639 1321 687 1358 in
714 1316 871 1372 quibus
909 1318 1159 1372 conspiraffe
1185 1320 1507 1372 deprehendero

98 1395 216 1427 tanta
232 1387 550 1438 intercapedine
573 1386 768 1424 locorum
787 1385 1029 1437 disparatos.
1088 1384 1313 1424 Habemus
1340 1386 1509 1426 etenim

100 1452 209 1500 hoc,
239 1448 449 1504 quidquid
476 1448 552 1498 est,
586 1456 698 1489 certe
726 1450 912 1489 amabile
940 1448 1150 1504 expertis,
1187 1460 1352 1490 veteres
1380 1451 1508 1490 nobi-

99 1516 268 1557 lissimis
281 1516 549 1555 Graecorum
570 1523 613 1554 et
631 1514 940 1554 Romanorum
959 1516 1267 1555 monumentis
1286 1515 1510 1568 imprell'os

101 1595 264 1622 errores
286 1579 547 1635 corrigendi,
575 1586 618 1619 et
645 1576 873 1620 veritatem
898 1592 1205 1634 quamcunque
1232 1584 1413 1621 tandem
1440 1584 1510 1622 in-

99 1647 296 1702 tegrandi
313 1645 594 1691 exercitium,
625 1658 700 1698 pro
722 1643 898 1686 honesto
924 1646 1054 1686 huius
1074 1646 1189 1685 vitae
1210 1646 1510 1687 oblectamen-

98 1719 145 1752 to
159 1741 169 1761 ,
198 1725 284 1765 quo
302 1712 332 1754 fi
353 1712 446 1765 quis
469 1709 648 1750 scienter
667 1718 832 1760 utatur,
858 1710 998 1750 veluti
1017 1711 1201 1750 coticula
1223 1712 1275 1750 ad
1295 1725 1509 1752 exacuen-
1557 1754 1563 1758 ,,

35 1775 43 1780 ”
102 1778 204 1817 darn
224 1771 303 1817 etc.
362 1776 484 1816 Adeo
505 1774 562 1815 est
583 1776 778 1824 difficile,
808 1774 858 1815 ab
882 1777 935 1815 iis
956 1777 1149 1830 cogitatis
1175 1777 1333 1830 quibus
1361 1777 1511 1818 adsue·

100 1843 214 1882 veris
233 1841 441 1882 animum
468 1854 661 1881 avocare:
694 1841 772 1879 nisi
797 1854 871 1881 me
897 1841 1158 1882 retraxiffem
1190 1843 1402 1895 tempori,
1431 1844 1512 1883 du·

102 1916 251 1947 centos
279 1905 419 1946 versus
453 1905 775 1947 confumfiffem
801 1908 851 1946 in
879 1920 967 1947 una
998 1906 1235 1957 sententia,
1265 1920 1398 1961 eaque
1422 1909 1511 1948 mi-

76 1966 227 2012 'nime
257 1966 431 2024 nodosa.
499 1971 630 2010 Nunc
657 1972 771 2012 bona
802 1971 884 2011 fide
918 1972 1150 2025 polliceor,
1184 1969 1402 2013 'daturum
1435 1985 1512 2014 me

101 2038 281 2077 tandem
307 2034 470 2088 aliquot
499 2032 718 2075 observata
747 2037 796 2076 in
821 2023 1016 2078 Poe'tain.
1078 2038 1132 2076 Et
1157 2051 1291 2092 quem
1317 2039 1511 2088 tandem,

101 2103 273 2155 inquis,
300 2114 407 2140 nam
428 2102 567 2140 taedet
586 2114 660 2140 me
686 2101 926 2154 praeludii?
955 2103 1004 2142 in
1034 2102 1322 2142 Theocritum.
1379 2104 1512 2144 Arbi-

31 2197 37 2206 .
101 2167 263 2215 trabar,
292 2167 339 2205 in
376 2165 602 2205 Theocrito
634 2168 1018 2220 quantulacunque
1045 2170 1180 2209 etiam
1203 2182 1297 2209 non
1322 2168 1514 2223 displici-

102 2239 213 2272 tura.
277 2230 495 2270 Noveram
514 2231 601 2278 Te,
632 2232 744 2271 dum
776 2245 799 2272 a
828 2232 945 2272 Silva
970 2233 1143 2288 Hagana
1168 2246 1261 2273 non
1286 2233 1416 2288 longe
1444 2247 1515 2274 re-

104 2305 255 2336 motus
281 2296 330 2334 in
355 2295 529 2349 praedio
557 2294 790 2346 rusticans,
819 2299 969 2339 Patriis
996 2298 1263 2346 Annalibus,
1290 2298 1357 2338 his
1382 2298 1514 2353 potis.

104 2361 268 2400 fimum
304 2362 514 2415 proximis
540 2363 663 2402 annis
701 2363 857 2412 (credo
890 2363 939 2403 ad
964 2364 1147 2404 illorum
1182 2363 1394 2403 triI'titiam
1426 2365 1515 2404 mi-

104 2426 350 2469 nuendam)
382 2427 654 2467 revolvendis
688 2419 938 2482 fatigatum,
987 2442 1064 2482 per
1099 2428 1275 2482 spatiosa
1315 2430 1517 2471 viridaria

106 2490 387 2532 obambulare
405 2491 622 2546 pastoralia
650 2493 870 2532 Theocriti
886 2495 1076 2535 carmina
1095 2507 1195 2535 vere
1214 2508 1333 2536 novo
1350 2493 1513 2550 gestan·

107 2563 227 2603 tem„
258 2565 300 2595 et
317 2555 397 2606 hac
418 2557 466 2596 in
485 2566 602 2610 parte
622 2557 874 2597 imitantem
902 2558 1182 2614 ingeniosum
1202 2560 1382 2600 Poetam
1397 2591 1407 2610 ‚
1432 2561 1512 2600 Ρο-

107 2628 223 2658 trum
247 2620 484 2661 Danielem
504 2622 734 2672 Haedum,
768 2623 844 2675 qui
864 2627 1092 2676 quotannis
1123 2639 1145 2664 a
1163 2623 1204 2664 fe
1230 2624 1514 2678 adolescente,

108 2682 180 2723 sed
199 2685 289 2726 iam
307 2694 406 2725 tum
424 2696 531 2726 noto
562 2687 788 2735 Petavic's,
815 2687 1083 2740 Sit-mandis,
1115 2689 1384 2741 Blondellis‚
1413 2691 1510 2746 per-

107 2748 192 2803 legi
217 2747 397 2791 solitum
420 2752 565 2805 primo
595 2764 696 2793 vere
730 2751 1024 2807 Theocritum,
1044 2752 1305 2813 ,Theologus
1331 2756 1512 2800 scribere
