<?xml version="1.0" encoding="UTF-8"?>
<!DOCTYPE html PUBLIC "-//W3C//DTD XHTML 1.0 Transitional//EN"
    "http://www.w3.org/TR/xhtml1/DTD/xhtml1-transitional.dtd">
<html xmlns="http://www.w3.org/1999/xhtml" xml:lang="en" lang="en">
 <head>
  <title>
</title>
<meta http-equiv="Content-Type" content="text/html;charset=utf-8" />
  <meta name='ocr-system' content='tesseract 3.04.00' />
  <meta name='ocr-capabilities' content='ocr_page ocr_carea ocr_par ocr_line ocrx_word'/>
</head>
<body>
  <div class='ocr_page' id='page_1' title='image "./theocritibionise00theouoft_0725.png"; bbox 0 0 1748 2982; ppageno 0'>
   <div class='ocr_carea' id='block_1_1' title="bbox 359 117 1462 200">
    <p class='ocr_par' dir='ltr' id='par_1_1' title="bbox 359 117 1462 200">
     <span class='ocr_line' id='line_1_1' title="bbox 359 117 1462 200; baseline -0.007 -4"><span class='ocrx_word' id='word_1_1' title='bbox 359 117 367 122; x_wconf 45' lang='lat'><em>⁷</em></span> <span class='ocrx_word' id='word_1_2' title='bbox 403 150 496 195; x_wconf 87' lang='lat' dir='ltr'>AD</span> <span class='ocrx_word' id='word_1_3' title='bbox 531 148 607 192; x_wconf 86' lang='lat' dir='ltr'>M.</span> <span class='ocrx_word' id='word_1_4' title='bbox 640 137 978 191; x_wconf 74' lang='lat' dir='ltr'>ROVERUM</span> <span class='ocrx_word' id='word_1_5' title='bbox 1010 145 1048 188; x_wconf 88' lang='lat'>1.</span> <span class='ocrx_word' id='word_1_6' title='bbox 1084 146 1133 188; x_wconf 82' lang='lat' dir='ltr'>c.</span> <span class='ocrx_word' id='word_1_7' title='bbox 1369 156 1462 200; x_wconf 77' lang='lat'>315</span> 
     </span>
    </p>
   </div>
   <div class='ocr_carea' id='block_1_2' title="bbox 66 248 1466 386">
    <p class='ocr_par' dir='ltr' id='par_1_2' title="bbox 66 248 1466 386">
     <span class='ocr_line' id='line_1_2' title="bbox 66 248 1466 317; baseline -0.003 -9"><span class='ocrx_word' id='word_1_8' title='bbox 66 280 216 311; x_wconf 76' lang='lat' dir='ltr'>tuerat.</span> <span class='ocrx_word' id='word_1_9' title='bbox 264 269 430 310; x_wconf 85' lang='lat' dir='ltr'>Auctor</span> <span class='ocrx_word' id='word_1_10' title='bbox 455 264 707 317; x_wconf 62' lang='grc' dir='ltr'><strong>ΒκκοΜσκε,</strong></span> <span class='ocrx_word' id='word_1_11' title='bbox 745 248 835 306; x_wconf 75' lang='lat' dir='ltr'>five</span> <span class='ocrx_word' id='word_1_12' title='bbox 865 262 1131 313; x_wconf 72' lang='lat' dir='ltr'><em>Theocritus,</em></span> <span class='ocrx_word' id='word_1_13' title='bbox 1155 262 1231 304; x_wconf 83' lang='lat' dir='ltr'>seu</span> <span class='ocrx_word' id='word_1_14' title='bbox 1257 263 1381 314; x_wconf 73' lang='lat' dir='ltr'>alius,</span> <span class='ocrx_word' id='word_1_15' title='bbox 1411 264 1466 304; x_wconf 84' lang='lat' dir='ltr'>fic</span> 
     </span>
     <span class='ocr_line' id='line_1_3' title="bbox 66 331 744 386; baseline -0.004 -10"><span class='ocrx_word' id='word_1_16' title='bbox 66 337 234 376; x_wconf 87' lang='lat' dir='ltr'>orditur</span> <span class='ocrx_word' id='word_1_17' title='bbox 260 335 355 375; x_wconf 88' lang='lat' dir='ltr'>Eid.</span> <span class='ocrx_word' id='word_1_18' title='bbox 373 335 462 386; x_wconf 86' lang='lat' dir='ltr'>XX,</span> <span class='ocrx_word' id='word_1_19' title='bbox 734 331 744 335; x_wconf 52' lang='lat'><em>⁴</em></span> 
     </span>
    </p>
   </div>
   <div class='ocr_carea' id='block_1_3' title="bbox 179 415 1192 481">
    <p class='ocr_par' dir='ltr' id='par_1_3' title="bbox 179 415 1192 481">
     <span class='ocr_line' id='line_1_4' title="bbox 179 415 1192 481; baseline -0.003 -16"><span class='ocrx_word' id='word_1_20' title='bbox 179 420 327 465; x_wconf 68' lang='grc' dir='ltr'><strong><em>Εὐνίκκ</em></strong></span> <span class='ocrx_word' id='word_1_21' title='bbox 351 422 395 481; x_wconf 80' lang='grc' dir='ltr'>μ’</span> <span class='ocrx_word' id='word_1_22' title='bbox 421 418 589 479; x_wconf 71' lang='grc' dir='ltr'>ἐγέλαξε</span> <span class='ocrx_word' id='word_1_23' title='bbox 604 417 781 464; x_wconf 68' lang='grc' dir='ltr'>θέλοντά</span> <span class='ocrx_word' id='word_1_24' title='bbox 796 434 867 479; x_wconf 76' lang='grc' dir='ltr'>μιν</span> <span class='ocrx_word' id='word_1_25' title='bbox 894 415 970 462; x_wconf 74' lang='grc' dir='ltr'>οἱδῦ</span> <span class='ocrx_word' id='word_1_26' title='bbox 1002 421 1192 476; x_wconf 47' lang='lat' dir='ltr'>&lt;potae-ou.</span> 
     </span>
    </p>
   </div>
   <div class='ocr_carea' id='block_1_4' title="bbox 10 521 1481 1973">
    <p class='ocr_par' dir='ltr' id='par_1_4' title="bbox 10 521 1481 1973">
     <span class='ocr_line' id='line_1_5' title="bbox 68 521 1468 578; baseline -0.001 -15"><span class='ocrx_word' id='word_1_27' title='bbox 68 525 203 565; x_wconf 90' lang='lat' dir='ltr'>Verba</span> <span class='ocrx_word' id='word_1_28' title='bbox 221 526 270 565; x_wconf 88' lang='lat' dir='ltr'>in</span> <span class='ocrx_word' id='word_1_29' title='bbox 289 521 357 577; x_wconf 78' lang='grc' dir='ltr'>ε’ω,</span> <span class='ocrx_word' id='word_1_30' title='bbox 386 538 492 565; x_wconf 89' lang='lat' dir='ltr'>cum</span> <span class='ocrx_word' id='word_1_31' title='bbox 513 538 606 565; x_wconf 88' lang='lat' dir='ltr'>non</span> <span class='ocrx_word' id='word_1_32' title='bbox 631 524 709 564; x_wconf 81' lang='lat' dir='ltr'>nifi</span> <span class='ocrx_word' id='word_1_33' title='bbox 733 521 994 578; x_wconf 78' lang='lat' dir='ltr'>paucissnna‚</span> <span class='ocrx_word' id='word_1_34' title='bbox 1023 523 1154 574; x_wconf 81' lang='lat' dir='ltr'>(forte</span> <span class='ocrx_word' id='word_1_35' title='bbox 1180 523 1375 576; x_wconf 86' lang='lat' dir='ltr'>quinque</span> <span class='ocrx_word' id='word_1_36' title='bbox 1400 521 1468 562; x_wconf 87' lang='lat' dir='ltr'>vel</span> 
     </span>
     <span class='ocr_line' id='line_1_6' title="bbox 70 583 1468 644; baseline -0.001 -15"><span class='ocrx_word' id='word_1_37' title='bbox 70 589 159 640; x_wconf 84' lang='lat' dir='ltr'>sex)</span> <span class='ocrx_word' id='word_1_38' title='bbox 178 583 468 644; x_wconf 68' lang='lat' dir='ltr'>producantur</span> <span class='ocrx_word' id='word_1_39' title='bbox 487 592 534 630; x_wconf 91' lang='lat' dir='ltr'>in</span> <span class='ocrx_word' id='word_1_40' title='bbox 551 586 639 644; x_wconf 64' lang='grc' dir='ltr'>ἔξω,</span> <span class='ocrx_word' id='word_1_41' title='bbox 667 590 721 629; x_wconf 82' lang='lat' dir='ltr'>ad</span> <span class='ocrx_word' id='word_1_42' title='bbox 749 590 948 642; x_wconf 83' lang='lat' dir='ltr'>priorum</span> <span class='ocrx_word' id='word_1_43' title='bbox 976 589 1120 643; x_wconf 84' lang='lat' dir='ltr'>legem</span> <span class='ocrx_word' id='word_1_44' title='bbox 1147 587 1350 641; x_wconf 87' lang='lat' dir='ltr'>pleraque</span> <span class='ocrx_word' id='word_1_45' title='bbox 1375 602 1468 628; x_wconf 88' lang='lat' dir='ltr'>non</span> 
     </span>
     <span class='ocr_line' id='line_1_7' title="bbox 68 652 1470 708; baseline -0.003 -12"><span class='ocrx_word' id='word_1_46' title='bbox 68 665 307 708; x_wconf 83' lang='lat' dir='ltr'>potuerunt</span> <span class='ocrx_word' id='word_1_47' title='bbox 335 657 498 696; x_wconf 84' lang='lat' dir='ltr'>inflecti</span> <span class='ocrx_word' id='word_1_48' title='bbox 522 656 702 696; x_wconf 89' lang='lat' dir='ltr'>Dorice:</span> <span class='ocrx_word' id='word_1_49' title='bbox 746 667 905 694; x_wconf 88' lang='lat' dir='ltr'>verum</span> <span class='ocrx_word' id='word_1_50' title='bbox 933 654 1060 698; x_wconf 15' lang='lat' dir='ltr'>aliter*</span> <span class='ocrx_word' id='word_1_51' title='bbox 1085 652 1128 693; x_wconf 83' lang='lat' dir='ltr'>se</span> <span class='ocrx_word' id='word_1_52' title='bbox 1151 667 1217 693; x_wconf 82' lang='lat' dir='ltr'>res</span> <span class='ocrx_word' id='word_1_53' title='bbox 1245 654 1396 705; x_wconf 79' lang='lat' dir='ltr'>habuit</span> <span class='ocrx_word' id='word_1_54' title='bbox 1421 655 1470 693; x_wconf 87' lang='lat' dir='ltr'>in</span> 
     </span>
     <span class='ocr_line' id='line_1_8' title="bbox 67 715 1471 777; baseline -0.001 -17"><span class='ocrx_word' id='word_1_55' title='bbox 67 721 210 760; x_wconf 75' lang='lat' dir='ltr'>verbis</span> <span class='ocrx_word' id='word_1_56' title='bbox 227 722 276 760; x_wconf 92' lang='lat' dir='ltr'>in</span> <span class='ocrx_word' id='word_1_57' title='bbox 299 719 375 771; x_wconf 68' lang='grc' dir='ltr'>αἷω,</span> <span class='ocrx_word' id='word_1_58' title='bbox 403 721 551 776; x_wconf 78' lang='lat' dir='ltr'>passim</span> <span class='ocrx_word' id='word_1_59' title='bbox 566 722 614 760; x_wconf 89' lang='lat' dir='ltr'>in</span> <span class='ocrx_word' id='word_1_60' title='bbox 632 718 715 776; x_wconf 72' lang='grc' dir='ltr'><strong><em>α’ζω</em></strong></span> <span class='ocrx_word' id='word_1_61' title='bbox 740 720 970 774; x_wconf 83' lang='lat' dir='ltr'>productis.</span> <span class='ocrx_word' id='word_1_62' title='bbox 1009 719 1128 760; x_wconf 88' lang='lat' dir='ltr'>Sicut</span> <span class='ocrx_word' id='word_1_63' title='bbox 1153 715 1389 777; x_wconf 74' lang='grc' dir='ltr'><em>οἰγαποίξαι,</em></span> <span class='ocrx_word' id='word_1_64' title='bbox 1412 719 1471 759; x_wconf 87' lang='lat' dir='ltr'>ita</span> 
     </span>
     <span class='ocr_line' id='line_1_9' title="bbox 70 781 1472 843; baseline -0.001 -19"><span class='ocrx_word' id='word_1_65' title='bbox 70 797 114 824; x_wconf 85' lang='lat' dir='ltr'>et</span> <span class='ocrx_word' id='word_1_66' title='bbox 130 781 304 843; x_wconf 64' lang='grc' dir='ltr'>’γελάξαι</span> <span class='ocrx_word' id='word_1_67' title='bbox 320 786 573 841; x_wconf 80' lang='lat' dir='ltr'>scripserunt</span> <span class='ocrx_word' id='word_1_68' title='bbox 592 785 739 827; x_wconf 78' lang='lat' dir='ltr'>Dores.</span> <span class='ocrx_word' id='word_1_69' title='bbox 774 787 825 825; x_wconf 90' lang='lat' dir='ltr'>In</span> <span class='ocrx_word' id='word_1_70' title='bbox 845 781 994 843; x_wconf 77' lang='grc' dir='ltr'>κλαίξαι</span> <span class='ocrx_word' id='word_1_71' title='bbox 1012 785 1119 825; x_wconf 80' lang='lat' dir='ltr'>ratio</span> <span class='ocrx_word' id='word_1_72' title='bbox 1138 783 1233 825; x_wconf 83' lang='lat' dir='ltr'>satis</span> <span class='ocrx_word' id='word_1_73' title='bbox 1255 784 1311 824; x_wconf 86' lang='lat' dir='ltr'>est</span> <span class='ocrx_word' id='word_1_74' title='bbox 1330 785 1472 824; x_wconf 82' lang='lat' dir='ltr'>mani-</span> 
     </span>
     <span class='ocr_line' id='line_1_10' title="bbox 69 844 1472 910; baseline 0.004 -21"><span class='ocrx_word' id='word_1_75' title='bbox 69 849 190 892; x_wconf 79' lang='lat' dir='ltr'>festa:</span> <span class='ocrx_word' id='word_1_76' title='bbox 221 848 454 910; x_wconf 74' lang='grc' dir='ltr'>σίπόκλαξον</span> <span class='ocrx_word' id='word_1_77' title='bbox 469 854 655 893; x_wconf 86' lang='lat' dir='ltr'>occurrit</span> <span class='ocrx_word' id='word_1_78' title='bbox 679 853 727 891; x_wconf 92' lang='lat' dir='ltr'>in</span> <span class='ocrx_word' id='word_1_79' title='bbox 755 851 849 890; x_wconf 87' lang='lat' dir='ltr'>Eid.</span> <span class='ocrx_word' id='word_1_80' title='bbox 877 852 962 900; x_wconf 84' lang='lat' dir='ltr'>XV,</span> <span class='ocrx_word' id='word_1_81' title='bbox 988 848 1060 901; x_wconf 76' lang='lat'>43.</span> <span class='ocrx_word' id='word_1_82' title='bbox 1097 844 1354 910; x_wconf 69' lang='grc' dir='ltr'><em>οἶποκλοῖξκς,</em></span> <span class='ocrx_word' id='word_1_83' title='bbox 1380 851 1472 900; x_wconf 81' lang='lat' dir='ltr'>XV,</span> 
     </span>
     <span class='ocr_line' id='line_1_11' title="bbox 26 912 1473 975; baseline -0.001 -16"><span class='ocrx_word' id='word_1_84' title='bbox 26 948 33 950; x_wconf 88' lang='lat'><em>-</em></span> <span class='ocrx_word' id='word_1_85' title='bbox 69 930 136 969; x_wconf 83' lang='lat'>77·</span> <span class='ocrx_word' id='word_1_86' title='bbox 172 913 473 975; x_wconf 71' lang='grc' dir='ltr'>κατεκλάξατο,</span> <span class='ocrx_word' id='word_1_87' title='bbox 500 917 648 967; x_wconf 88' lang='lat' dir='ltr'>XVIII,</span> <span class='ocrx_word' id='word_1_88' title='bbox 669 914 709 956; x_wconf 88' lang='lat'>5.</span> <span class='ocrx_word' id='word_1_89' title='bbox 739 925 781 956; x_wconf 87' lang='lat' dir='ltr'>et</span> <span class='ocrx_word' id='word_1_90' title='bbox 806 916 966 955; x_wconf 87' lang='lat' dir='ltr'>merito</span> <span class='ocrx_word' id='word_1_91' title='bbox 987 912 1271 973; x_wconf 83' lang='lat' dir='ltr'>Casaubonus</span> <span class='ocrx_word' id='word_1_92' title='bbox 1291 917 1473 971; x_wconf 82' lang='lat' dir='ltr'>suspica-</span> 
     </span>
     <span class='ocr_line' id='line_1_12' title="bbox 68 980 1474 1039; baseline 0.001 -20"><span class='ocrx_word' id='word_1_93' title='bbox 68 981 217 1031; x_wconf 87' lang='lat' dir='ltr'>batur,</span> <span class='ocrx_word' id='word_1_94' title='bbox 252 980 396 1039; x_wconf 74' lang='grc' dir='ltr'>κλᾳξῶ</span> <span class='ocrx_word' id='word_1_95' title='bbox 423 982 738 1022; x_wconf 76' lang='lat' dir='ltr'>restituendum</span> <span class='ocrx_word' id='word_1_96' title='bbox 762 983 809 1020; x_wconf 80' lang='lat' dir='ltr'>in</span> <span class='ocrx_word' id='word_1_97' title='bbox 836 982 927 1020; x_wconf 80' lang='lat' dir='ltr'>Eid.</span> <span class='ocrx_word' id='word_1_98' title='bbox 952 982 1019 1021; x_wconf 91' lang='lat' dir='ltr'>VI.</span> <span class='ocrx_word' id='word_1_99' title='bbox 1048 981 1118 1022; x_wconf 77' lang='lat'>52.</span> <span class='ocrx_word' id='word_1_100' title='bbox 1152 983 1292 1023; x_wconf 80' lang='lat' dir='ltr'>clavis</span> <span class='ocrx_word' id='word_1_101' title='bbox 1319 983 1474 1022; x_wconf 87' lang='lat' dir='ltr'>dicitur</span> 
     </span>
     <span class='ocr_line' id='line_1_13' title="bbox 67 1042 1472 1105; baseline 0.001 -19"><span class='ocrx_word' id='word_1_102' title='bbox 67 1042 188 1103; x_wconf 71' lang='grc' dir='ltr'><em>κλσὶξ,</em></span> <span class='ocrx_word' id='word_1_103' title='bbox 216 1047 312 1088; x_wconf 86' lang='lat' dir='ltr'>Eid.</span> <span class='ocrx_word' id='word_1_104' title='bbox 327 1048 419 1099; x_wconf 88' lang='lat' dir='ltr'>XV,</span> <span class='ocrx_word' id='word_1_105' title='bbox 437 1045 504 1087; x_wconf 78' lang='lat'>52.</span> <span class='ocrx_word' id='word_1_106' title='bbox 534 1042 800 1104; x_wconf 75' lang='lat' dir='ltr'>Hesychius:</span> <span class='ocrx_word' id='word_1_107' title='bbox 835 1045 1016 1105; x_wconf 76' lang='grc' dir='ltr'>Κλοῗξαι,</span> <span class='ocrx_word' id='word_1_108' title='bbox 1039 1050 1212 1090; x_wconf 73' lang='grc' dir='ltr'>κλεῖσαι.</span> <span class='ocrx_word' id='word_1_109' title='bbox 1256 1049 1472 1088; x_wconf 86' lang='lat' dir='ltr'>Doricum</span> 
     </span>
     <span class='ocr_line' id='line_1_14' title="bbox 69 1111 1474 1168; baseline 0.004 -19"><span class='ocrx_word' id='word_1_110' title='bbox 69 1111 179 1150; x_wconf 88' lang='lat' dir='ltr'>illud</span> <span class='ocrx_word' id='word_1_111' title='bbox 209 1111 263 1152; x_wconf 87' lang='lat' dir='ltr'>fic</span> <span class='ocrx_word' id='word_1_112' title='bbox 291 1112 376 1151; x_wconf 81' lang='lat' dir='ltr'>fuit</span> <span class='ocrx_word' id='word_1_113' title='bbox 402 1123 716 1168; x_wconf 86' lang='lat' dir='ltr'>propagatum:</span> <span class='ocrx_word' id='word_1_114' title='bbox 764 1127 787 1153; x_wconf 91' lang='lat' dir='ltr'>a</span> <span class='ocrx_word' id='word_1_115' title='bbox 823 1112 971 1163; x_wconf 80' lang='grc' dir='ltr'><strong>Κλείω,</strong></span> <span class='ocrx_word' id='word_1_116' title='bbox 1004 1115 1167 1163; x_wconf 52' lang='grc' dir='ltr'>κλείω-ιι,</span> <span class='ocrx_word' id='word_1_117' title='bbox 1206 1122 1259 1156; x_wconf 75' lang='grc' dir='ltr'>κ)</span> <span class='ocrx_word' id='word_1_118' title='bbox 1261 1127 1328 1163; x_wconf 79' lang='grc' dir='ltr'>εις,</span> <span class='ocrx_word' id='word_1_119' title='bbox 1360 1122 1474 1163; x_wconf 74' lang='grc' dir='ltr'><strong>κληις</strong></span> 
     </span>
     <span class='ocr_line' id='line_1_15' title="bbox 70 1167 1472 1240; baseline 0.001 -23"><span class='ocrx_word' id='word_1_120' title='bbox 70 1167 227 1226; x_wconf 68' lang='grc' dir='ltr'>(κλαὶς,</span> <span class='ocrx_word' id='word_1_121' title='bbox 245 1176 369 1218; x_wconf 91' lang='lat' dir='ltr'>Aeol.</span> <span class='ocrx_word' id='word_1_122' title='bbox 394 1179 562 1225; x_wconf 65' lang='grc' dir='ltr'>κλαίεις·</span> <span class='ocrx_word' id='word_1_123' title='bbox 573 1175 779 1232; x_wconf 77' lang='grc' dir='ltr'>κ)ληἰ’ζω,</span> <span class='ocrx_word' id='word_1_124' title='bbox 804 1173 950 1240; x_wconf 63' lang='grc' dir='ltr'><em>κλῄζω,</em></span> <span class='ocrx_word' id='word_1_125' title='bbox 974 1172 1133 1233; x_wconf 74' lang='grc' dir='ltr'><strong>κλοίζω,</strong></span> <span class='ocrx_word' id='word_1_126' title='bbox 1150 1173 1345 1228; x_wconf 56' lang='lat' dir='ltr'>micam,</span> <span class='ocrx_word' id='word_1_127' title='bbox 1369 1187 1472 1220; x_wconf 76' lang='grc' dir='ltr'>κλα-</span> 
     </span>
     <span class='ocr_line' id='line_1_16' title="bbox 68 1238 1472 1300; baseline 0 -18"><span class='ocrx_word' id='word_1_128' title='bbox 68 1238 141 1300; x_wconf 80' lang='grc' dir='ltr'>ξω,</span> <span class='ocrx_word' id='word_1_129' title='bbox 170 1239 289 1299; x_wconf 69' lang='grc' dir='ltr'><strong>κλεὶξ.</strong></span> <span class='ocrx_word' id='word_1_130' title='bbox 321 1241 404 1281; x_wconf 81' lang='lat' dir='ltr'>Sed</span> <span class='ocrx_word' id='word_1_131' title='bbox 423 1255 480 1283; x_wconf 90' lang='lat' dir='ltr'>ne</span> <span class='ocrx_word' id='word_1_132' title='bbox 501 1245 563 1282; x_wconf 90' lang='lat' dir='ltr'>Te</span> <span class='ocrx_word' id='word_1_133' title='bbox 586 1243 722 1282; x_wconf 88' lang='lat' dir='ltr'>nimis</span> <span class='ocrx_word' id='word_1_134' title='bbox 739 1242 931 1296; x_wconf 84' lang='lat' dir='ltr'>fatigem,</span> <span class='ocrx_word' id='word_1_135' title='bbox 963 1245 1275 1284; x_wconf 85' lang='lat' dir='ltr'><strong>correctionem</strong></span> <span class='ocrx_word' id='word_1_136' title='bbox 1294 1243 1472 1284; x_wconf 81' lang='lat' dir='ltr'>interse-</span> 
     </span>
     <span class='ocr_line' id='line_1_17' title="bbox 68 1307 1473 1363; baseline 0.001 -17"><span class='ocrx_word' id='word_1_137' title='bbox 68 1320 175 1355; x_wconf 84' lang='lat' dir='ltr'>ram,</span> <span class='ocrx_word' id='word_1_138' title='bbox 212 1321 345 1360; x_wconf 74' lang='lat' dir='ltr'>quani</span> <span class='ocrx_word' id='word_1_139' title='bbox 368 1309 560 1347; x_wconf 84' lang='lat' dir='ltr'>minime</span> <span class='ocrx_word' id='word_1_140' title='bbox 591 1307 868 1360; x_wconf 76' lang='lat' dir='ltr'>adsperneris,</span> <span class='ocrx_word' id='word_1_141' title='bbox 907 1307 1061 1363; x_wconf 85' lang='lat' dir='ltr'>Quum</span> <span class='ocrx_word' id='word_1_142' title='bbox 1086 1308 1216 1348; x_wconf 80' lang='lat' dir='ltr'>effem</span> <span class='ocrx_word' id='word_1_143' title='bbox 1243 1310 1473 1362; x_wconf 85' lang='lat' dir='ltr'>aliquando</span> 
     </span>
     <span class='ocr_line' id='line_1_18' title="bbox 67 1369 1472 1431; baseline 0.003 -21"><span class='ocrx_word' id='word_1_144' title='bbox 67 1372 180 1424; x_wconf 81' lang='lat' dir='ltr'>apud</span> <span class='ocrx_word' id='word_1_145' title='bbox 206 1369 586 1431; x_wconf 57' lang='lat' dir='ltr'>IIwfiwhufium,</span> <span class='ocrx_word' id='word_1_146' title='bbox 626 1381 669 1412; x_wconf 91' lang='lat' dir='ltr'>et</span> <span class='ocrx_word' id='word_1_147' title='bbox 698 1371 840 1412; x_wconf 82' lang='lat' dir='ltr'>nescio</span> <span class='ocrx_word' id='word_1_148' title='bbox 869 1374 972 1426; x_wconf 87' lang='lat' dir='ltr'>quid</span> <span class='ocrx_word' id='word_1_149' title='bbox 998 1375 1347 1414; x_wconf 87' lang='lat' dir='ltr'>coniecturarum</span> <span class='ocrx_word' id='word_1_150' title='bbox 1368 1375 1472 1414; x_wconf 87' lang='lat' dir='ltr'>Viro</span> 
     </span>
     <span class='ocr_line' id='line_1_19' title="bbox 73 1437 1476 1493; baseline 0.003 -18"><span class='ocrx_word' id='word_1_151' title='bbox 73 1437 264 1477; x_wconf 84' lang='lat' dir='ltr'>Summo</span> <span class='ocrx_word' id='word_1_152' title='bbox 307 1449 621 1490; x_wconf 84' lang='lat' dir='ltr'>proponerem,</span> <span class='ocrx_word' id='word_1_153' title='bbox 663 1437 961 1479; x_wconf 75' lang='lat' dir='ltr'>incidebamus</span> <span class='ocrx_word' id='word_1_154' title='bbox 998 1439 1108 1478; x_wconf 86' lang='lat' dir='ltr'>forte</span> <span class='ocrx_word' id='word_1_155' title='bbox 1144 1440 1192 1478; x_wconf 89' lang='lat' dir='ltr'>in</span> <span class='ocrx_word' id='word_1_156' title='bbox 1226 1439 1476 1493; x_wconf 88' lang='lat' dir='ltr'>Eidyllium</span> 
     </span>
     <span class='ocr_line' id='line_1_20' title="bbox 10 1499 1475 1563; baseline 0.003 -23"><span class='ocrx_word' id='word_1_157' title='bbox 10 1500 13 1505; x_wconf 85' lang='lat'>&#39;</span> <span class='ocrx_word' id='word_1_158' title='bbox 79 1502 303 1542; x_wconf 76' lang='lat' dir='ltr'>Theocriti</span> <span class='ocrx_word' id='word_1_159' title='bbox 329 1501 473 1541; x_wconf 84' lang='lat' dir='ltr'>xxm.</span> <span class='ocrx_word' id='word_1_160' title='bbox 503 1503 566 1542; x_wconf 87' lang='lat' dir='ltr'>ibi</span> <span class='ocrx_word' id='word_1_161' title='bbox 594 1499 932 1563; x_wconf 71' lang='lat' dir='ltr'>Henfierhufius</span> <span class='ocrx_word' id='word_1_162' title='bbox 961 1503 1195 1544; x_wconf 80' lang='lat' dir='ltr'>monstrare</span> <span class='ocrx_word' id='word_1_163' title='bbox 1219 1505 1334 1544; x_wconf 84' lang='lat' dir='ltr'>mihi</span> <span class='ocrx_word' id='word_1_164' title='bbox 1359 1506 1408 1544; x_wconf 88' lang='lat' dir='ltr'>in</span> <span class='ocrx_word' id='word_1_165' title='bbox 1434 1518 1475 1544; x_wconf 78' lang='lat' dir='ltr'>V.</span> 
     </span>
     <span class='ocr_line' id='line_1_21' title="bbox 70 1566 1479 1623; baseline 0.001 -15"><span class='ocrx_word' id='word_1_166' title='bbox 70 1566 143 1619; x_wconf 77' lang='lat'>54.</span> <span class='ocrx_word' id='word_1_167' title='bbox 174 1566 442 1608; x_wconf 83' lang='lat' dir='ltr'>mendosum</span> <span class='ocrx_word' id='word_1_168' title='bbox 462 1567 650 1607; x_wconf 87' lang='lat' dir='ltr'>verbum</span> <span class='ocrx_word' id='word_1_169' title='bbox 668 1566 878 1621; x_wconf 68' lang='grc' dir='ltr'>ἑτυλίχθη</span> <span class='ocrx_word' id='word_1_170' title='bbox 895 1579 904 1589; x_wconf 86' lang='grc'>·</span> <span class='ocrx_word' id='word_1_171' title='bbox 936 1577 978 1607; x_wconf 89' lang='lat' dir='ltr'>et</span> <span class='ocrx_word' id='word_1_172' title='bbox 1005 1569 1238 1623; x_wconf 84' lang='lat' dir='ltr'>ingenium</span> <span class='ocrx_word' id='word_1_173' title='bbox 1264 1579 1479 1622; x_wconf 73' lang='lat' dir='ltr'>pertenta-</span> 
     </span>
     <span class='ocr_line' id='line_1_22' title="bbox 71 1631 1481 1689; baseline 0.003 -16"><span class='ocrx_word' id='word_1_174' title='bbox 71 1645 141 1682; x_wconf 85' lang='lat' dir='ltr'>re;</span> <span class='ocrx_word' id='word_1_175' title='bbox 169 1647 247 1688; x_wconf 86' lang='lat' dir='ltr'>ego</span> <span class='ocrx_word' id='word_1_176' title='bbox 268 1646 387 1682; x_wconf 82' lang='lat' dir='ltr'>vero,</span> <span class='ocrx_word' id='word_1_177' title='bbox 416 1633 527 1685; x_wconf 75' lang='lat' dir='ltr'>quasi</span> <span class='ocrx_word' id='word_1_178' title='bbox 554 1631 713 1672; x_wconf 83' lang='lat' dir='ltr'>fascino</span> <span class='ocrx_word' id='word_1_179' title='bbox 739 1642 922 1682; x_wconf 87' lang='lat' dir='ltr'>tenerer,</span> <span class='ocrx_word' id='word_1_180' title='bbox 952 1633 1060 1673; x_wconf 85' lang='lat' dir='ltr'>nihil</span> <span class='ocrx_word' id='word_1_181' title='bbox 1088 1635 1195 1674; x_wconf 88' lang='lat' dir='ltr'>eniti</span> <span class='ocrx_word' id='word_1_182' title='bbox 1221 1636 1382 1689; x_wconf 71' lang='grc' dir='ltr'>’γόνιμον</span> <span class='ocrx_word' id='word_1_183' title='bbox 1410 1632 1481 1676; x_wconf 77' lang='grc' dir='ltr'>καὶ</span> 
     </span>
     <span class='ocr_line' id='line_1_23' title="bbox 71 1693 1479 1753; baseline 0.003 -16"><span class='ocrx_word' id='word_1_184' title='bbox 71 1693 241 1750; x_wconf 66' lang='grc' dir='ltr'>ἀληθές,</span> <span class='ocrx_word' id='word_1_185' title='bbox 266 1711 409 1752; x_wconf 88' lang='lat' dir='ltr'>neque</span> <span class='ocrx_word' id='word_1_186' title='bbox 438 1708 535 1738; x_wconf 82' lang='lat' dir='ltr'>ante</span> <span class='ocrx_word' id='word_1_187' title='bbox 562 1711 721 1737; x_wconf 85' lang='lat' dir='ltr'>verum</span> <span class='ocrx_word' id='word_1_188' title='bbox 749 1698 875 1751; x_wconf 90' lang='lat' dir='ltr'>potui</span> <span class='ocrx_word' id='word_1_189' title='bbox 901 1697 1148 1753; x_wconf 80' lang='lat' dir='ltr'>perspicere,</span> <span class='ocrx_word' id='word_1_190' title='bbox 1181 1713 1314 1753; x_wconf 84' lang='lat' dir='ltr'>quam</span> <span class='ocrx_word' id='word_1_191' title='bbox 1338 1702 1375 1742; x_wconf 86' lang='lat' dir='ltr'>is</span> <span class='ocrx_word' id='word_1_192' title='bbox 1402 1714 1479 1742; x_wconf 88' lang='lat' dir='ltr'>me</span> 
     </span>
     <span class='ocr_line' id='line_1_24' title="bbox 70 1762 851 1817; baseline -0.005 -11"><span class='ocrx_word' id='word_1_193' title='bbox 70 1774 304 1806; x_wconf 81' lang='lat' dir='ltr'>monuerat</span> <span class='ocrx_word' id='word_1_194' title='bbox 332 1762 527 1817; x_wconf 75' lang='lat' dir='ltr'>l&#39;cripfiffe</span> <span class='ocrx_word' id='word_1_195' title='bbox 565 1763 851 1814; x_wconf 74' lang='lat' dir='ltr'>Theocritum,</span> 
     </span>
     <span class='ocr_line' id='line_1_25' title="bbox 657 1847 1040 1908; baseline 0.003 -13"><span class='ocrx_word' id='word_1_196' title='bbox 657 1874 713 1882; x_wconf 89' lang='lat'><strong>—</strong></span> <span class='ocrx_word' id='word_1_197' title='bbox 735 1847 806 1895; x_wconf 60' lang='grc' dir='ltr'>δ’δ’</span> <span class='ocrx_word' id='word_1_198' title='bbox 832 1850 1040 1908; x_wconf 70' lang='grc' dir='ltr'>ἐλυγίχθη</span> 
     </span>
     <span class='ocr_line' id='line_1_26' title="bbox 238 1914 530 1973; baseline -0.007 -11"><span class='ocrx_word' id='word_1_199' title='bbox 238 1916 329 1962; x_wconf 71' lang='grc' dir='ltr'>Τεέν</span> <span class='ocrx_word' id='word_1_200' title='bbox 357 1914 530 1973; x_wconf 70' lang='grc' dir='ltr'>ψυχάν·</span> 
     </span>
    </p>
   </div>
   <div class='ocr_carea' id='block_1_5' title="bbox 55 2024 1483 2410">
    <p class='ocr_par' dir='ltr' id='par_1_5' title="bbox 55 2024 1483 2410">
     <span class='ocr_line' id='line_1_27' title="bbox 74 2024 1479 2077; baseline 0.004 -11"><span class='ocrx_word' id='word_1_201' title='bbox 74 2025 282 2066; x_wconf 86' lang='lat' dir='ltr'>excitatus</span> <span class='ocrx_word' id='word_1_202' title='bbox 305 2025 503 2077; x_wconf 86' lang='lat' dir='ltr'>protinus</span> <span class='ocrx_word' id='word_1_203' title='bbox 530 2024 727 2064; x_wconf 85' lang='lat' dir='ltr'>intellexi</span> <span class='ocrx_word' id='word_1_204' title='bbox 752 2024 1022 2069; x_wconf 83' lang='lat' dir='ltr'>venustatem</span> <span class='ocrx_word' id='word_1_205' title='bbox 1049 2025 1294 2077; x_wconf 82' lang='lat' dir='ltr'>locutionis,</span> <span class='ocrx_word' id='word_1_206' title='bbox 1319 2041 1342 2067; x_wconf 91' lang='lat' dir='ltr'>a</span> <span class='ocrx_word' id='word_1_207' title='bbox 1364 2029 1479 2071; x_wconf 85' lang='lat' dir='ltr'>lucta</span> 
     </span>
     <span class='ocr_line' id='line_1_28' title="bbox 74 2088 1482 2143; baseline 0.004 -12"><span class='ocrx_word' id='word_1_208' title='bbox 74 2093 126 2131; x_wconf 85' lang='lat' dir='ltr'>ad</span> <span class='ocrx_word' id='word_1_209' title='bbox 144 2092 323 2130; x_wconf 86' lang='lat' dir='ltr'>alteram</span> <span class='ocrx_word' id='word_1_210' title='bbox 343 2089 466 2128; x_wconf 87' lang='lat' dir='ltr'>illam</span> <span class='ocrx_word' id='word_1_211' title='bbox 492 2088 737 2143; x_wconf 82' lang='lat' dir='ltr'>palaestram</span> <span class='ocrx_word' id='word_1_212' title='bbox 765 2103 869 2129; x_wconf 85' lang='lat' dir='ltr'>cum</span> <span class='ocrx_word' id='word_1_213' title='bbox 894 2090 1094 2143; x_wconf 85' lang='lat' dir='ltr'>plurimis</span> <span class='ocrx_word' id='word_1_214' title='bbox 1121 2091 1215 2132; x_wconf 85' lang='lat' dir='ltr'>aliis</span> <span class='ocrx_word' id='word_1_215' title='bbox 1243 2092 1482 2137; x_wconf 82' lang='lat' dir='ltr'>feliciffime</span> 
     </span>
     <span class='ocr_line' id='line_1_29' title="bbox 55 2155 1481 2212; baseline 0.001 -14"><span class='ocrx_word' id='word_1_216' title='bbox 55 2160 312 2198; x_wconf 62' lang='lat' dir='ltr'>translatae.</span> <span class='ocrx_word' id='word_1_217' title='bbox 354 2155 623 2195; x_wconf 79' lang='lat' dir='ltr'>Recordabar</span> <span class='ocrx_word' id='word_1_218' title='bbox 651 2164 865 2207; x_wconf 83' lang='lat' dir='ltr'>praeterea</span> <span class='ocrx_word' id='word_1_219' title='bbox 897 2156 1170 2196; x_wconf 76' lang='lat' dir='ltr'>Theocritum</span> <span class='ocrx_word' id='word_1_220' title='bbox 1196 2157 1341 2212; x_wconf 82' lang='lat' dir='ltr'>ipsum</span> <span class='ocrx_word' id='word_1_221' title='bbox 1370 2161 1481 2200; x_wconf 84' lang='lat' dir='ltr'>illud</span> 
     </span>
     <span class='ocr_line' id='line_1_30' title="bbox 72 2219 1483 2275; baseline 0 -13"><span class='ocrx_word' id='word_1_222' title='bbox 72 2224 179 2262; x_wconf 83' lang='lat' dir='ltr'>-alibi</span> <span class='ocrx_word' id='word_1_223' title='bbox 208 2219 450 2275; x_wconf 79' lang='lat' dir='ltr'>deposuiss&#39;e.</span> <span class='ocrx_word' id='word_1_224' title='bbox 498 2221 680 2269; x_wconf 82' lang='lat' dir='ltr'>Locum,</span> <span class='ocrx_word' id='word_1_225' title='bbox 710 2221 809 2273; x_wconf 87' lang='lat' dir='ltr'>quia</span> <span class='ocrx_word' id='word_1_226' title='bbox 825 2222 1012 2274; x_wconf 86' lang='lat' dir='ltr'>pertinet</span> <span class='ocrx_word' id='word_1_227' title='bbox 1034 2223 1085 2261; x_wconf 88' lang='lat' dir='ltr'>ad</span> <span class='ocrx_word' id='word_1_228' title='bbox 1108 2225 1308 2264; x_wconf 89' lang='lat' dir='ltr'>eamdem</span> <span class='ocrx_word' id='word_1_229' title='bbox 1325 2227 1483 2266; x_wconf 82' lang='lat' dir='ltr'>verbo-</span> 
     </span>
     <span class='ocr_line' id='line_1_31' title="bbox 75 2284 1482 2346; baseline 0.001 -18"><span class='ocrx_word' id='word_1_230' title='bbox 75 2302 179 2328; x_wconf 79' lang='lat' dir='ltr'>rum</span> <span class='ocrx_word' id='word_1_231' title='bbox 199 2286 382 2338; x_wconf 59' lang='lat' dir='ltr'>clellern,</span> <span class='ocrx_word' id='word_1_232' title='bbox 410 2286 458 2324; x_wconf 89' lang='lat' dir='ltr'>in</span> <span class='ocrx_word' id='word_1_233' title='bbox 481 2284 663 2324; x_wconf 86' lang='lat' dir='ltr'>Scholiis</span> <span class='ocrx_word' id='word_1_234' title='bbox 682 2287 733 2326; x_wconf 86' lang='lat' dir='ltr'>ad</span> <span class='ocrx_word' id='word_1_235' title='bbox 754 2285 969 2346; x_wconf 76' lang='lat' dir='ltr'>Aristoph.</span> <span class='ocrx_word' id='word_1_236' title='bbox 1002 2286 1155 2341; x_wconf 84' lang='lat' dir='ltr'>Vespas</span> <span class='ocrx_word' id='word_1_237' title='bbox 1179 2302 1220 2331; x_wconf 91' lang='lat' dir='ltr'>v.</span> <span class='ocrx_word' id='word_1_238' title='bbox 1241 2289 1360 2343; x_wconf 76' lang='lat'>1478.</span> <span class='ocrx_word' id='word_1_239' title='bbox 1387 2305 1482 2331; x_wconf 88' lang='lat' dir='ltr'>non</span> 
     </span>
     <span class='ocr_line' id='line_1_32' title="bbox 79 2349 1418 2410; baseline 0.004 -18"><span class='ocrx_word' id='word_1_240' title='bbox 79 2351 173 2394; x_wconf 80' lang='lat' dir='ltr'>satis</span> <span class='ocrx_word' id='word_1_241' title='bbox 192 2352 422 2392; x_wconf 87' lang='lat' dir='ltr'>emendate</span> <span class='ocrx_word' id='word_1_242' title='bbox 440 2349 661 2404; x_wconf 84' lang='lat' dir='ltr'>scriptum,</span> <span class='ocrx_word' id='word_1_243' title='bbox 687 2351 759 2390; x_wconf 86' lang='lat' dir='ltr'>hic</span> <span class='ocrx_word' id='word_1_244' title='bbox 779 2352 994 2405; x_wconf 86' lang='lat' dir='ltr'>deponam</span> <span class='ocrx_word' id='word_1_245' title='bbox 1015 2366 1067 2392; x_wconf 84' lang='lat' dir='ltr'>ex</span> <span class='ocrx_word' id='word_1_246' title='bbox 1087 2354 1180 2395; x_wconf 88' lang='lat' dir='ltr'>Eid.</span> <span class='ocrx_word' id='word_1_247' title='bbox 1202 2355 1234 2404; x_wconf 87' lang='grc' dir='ltr'>Ι,</span> <span class='ocrx_word' id='word_1_248' title='bbox 1255 2368 1323 2409; x_wconf 84' lang='grc'>97.</span> <span class='ocrx_word' id='word_1_249' title='bbox 1344 2354 1418 2410; x_wconf 87' lang='grc'>98.</span> 
     </span>
    </p>
   </div>
   <div class='ocr_carea' id='block_1_6' title="bbox 192 2433 1408 2499">
    <p class='ocr_par' dir='ltr' id='par_1_6' title="bbox 192 2433 1408 2499">
     <span class='ocr_line' id='line_1_33' title="bbox 192 2433 1408 2499; baseline 0.003 -16"><span class='ocrx_word' id='word_1_250' title='bbox 192 2440 324 2490; x_wconf 81' lang='grc' dir='ltr'>Κνπε,</span> <span class='ocrx_word' id='word_1_251' title='bbox 351 2457 406 2482; x_wconf 81' lang='grc' dir='ltr'>τυ</span> <span class='ocrx_word' id='word_1_252' title='bbox 434 2438 488 2483; x_wconf 70' lang='grc' dir='ltr'>θ</span> <span class='ocrx_word' id='word_1_253' title='bbox 479 2456 514 2490; x_wconf 84' lang='lat' dir='ltr'><em>v</em></span> <span class='ocrx_word' id='word_1_254' title='bbox 536 2437 608 2482; x_wconf 78' lang='grc' dir='ltr'>τόν</span> <span class='ocrx_word' id='word_1_255' title='bbox 634 2433 768 2496; x_wconf 69' lang='grc' dir='ltr'><em>ἔρωτα</em></span> <span class='ocrx_word' id='word_1_256' title='bbox 790 2434 1011 2495; x_wconf 69' lang='grc' dir='ltr'><strong>κατ-εὔχεο,</strong></span> <span class='ocrx_word' id='word_1_257' title='bbox 1041 2439 1191 2498; x_wconf 66' lang='grc' dir='ltr'><em>Δέφνι,</em></span> <span class='ocrx_word' id='word_1_258' title='bbox 1218 2442 1408 2499; x_wconf 73' lang='grc' dir='ltr'>λυγιξεὶν.</span> 
     </span>
    </p>
   </div>
   <div class='ocr_carea' id='block_1_7' title="bbox 181 2496 1344 2629">
    <p class='ocr_par' dir='ltr' id='par_1_7' title="bbox 181 2496 1322 2629">
     <span class='ocr_line' id='line_1_34' title="bbox 181 2496 1291 2564; baseline 0 -15"><span class='ocrx_word' id='word_1_259' title='bbox 181 2496 284 2564; x_wconf 60' lang='lat' dir='ltr'>&#39;Ae’</span> <span class='ocrx_word' id='word_1_260' title='bbox 299 2506 375 2549; x_wconf 68' lang='grc' dir='ltr'>οὐκ</span> <span class='ocrx_word' id='word_1_261' title='bbox 399 2522 525 2554; x_wconf 78' lang='grc' dir='ltr'>αυτσς</span> <span class='ocrx_word' id='word_1_262' title='bbox 550 2500 698 2560; x_wconf 70' lang='grc' dir='ltr'>ἐρα-τες</span> <span class='ocrx_word' id='word_1_263' title='bbox 726 2500 791 2547; x_wconf 74' lang='grc' dir='ltr'>ὑπ’</span> <span class='ocrx_word' id='word_1_264' title='bbox 821 2504 1010 2562; x_wconf 55' lang='grc' dir='ltr'>ἀργαλέω</span> <span class='ocrx_word' id='word_1_265' title='bbox 1037 2505 1291 2563; x_wconf 63' lang='grc' dir='ltr'>ε”λυγιχθης3</span> 
     </span>
     <span class='ocr_line' id='line_1_35' title="bbox 191 2567 1344 2629; baseline 0.002 -19"><span class='ocrx_word' id='word_1_266' title='bbox 191 2573 334 2626; x_wconf 82' lang='lat' dir='ltr'>Atque</span> <span class='ocrx_word' id='word_1_267' title='bbox 363 2574 451 2612; x_wconf 83' lang='lat' dir='ltr'>ait.</span> <span class='ocrx_word' id='word_1_268' title='bbox 480 2586 530 2610; x_wconf 85' lang='lat' dir='ltr'>en</span> <span class='ocrx_word' id='word_1_269' title='bbox 546 2567 684 2629; x_wconf 82' lang='lat' dir='ltr'>saevi</span> <span class='ocrx_word' id='word_1_270' title='bbox 704 2570 825 2610; x_wconf 80' lang='lat' dir='ltr'>dixti</span> <span class='ocrx_word' id='word_1_271' title='bbox 843 2567 959 2627; x_wconf 80' lang='lat' dir='ltr'>sore</span> <span class='ocrx_word' id='word_1_272' title='bbox 986 2573 1134 2611; x_wconf 81' lang='lat' dir='ltr'>victor</span> <span class='ocrx_word' id='word_1_273' title='bbox 1161 2575 1344 2613; x_wconf 84' lang='lat' dir='ltr'>amoris.</span> 
     </span>
    </p>
   </div>
   <div class='ocr_carea' id='block_1_8' title="bbox 191 2631 1440 2694">
    <p class='ocr_par' dir='ltr' id='par_1_8' title="bbox 191 2631 1440 2694">
     <span class='ocr_line' id='line_1_36' title="bbox 191 2631 1440 2694; baseline 0.002 -18"><span class='ocrx_word' id='word_1_274' title='bbox 191 2638 323 2676; x_wconf 80' lang='lat' dir='ltr'>Nunc</span> <span class='ocrx_word' id='word_1_275' title='bbox 347 2647 404 2688; x_wconf 84' lang='lat' dir='ltr'>te,</span> <span class='ocrx_word' id='word_1_276' title='bbox 438 2638 644 2690; x_wconf 73' lang='lat' dir='ltr'>Daphni,</span> <span class='ocrx_word' id='word_1_277' title='bbox 675 2645 818 2675; x_wconf 83' lang='lat' dir='ltr'>tamen</span> <span class='ocrx_word' id='word_1_278' title='bbox 843 2631 970 2691; x_wconf 84' lang='lat' dir='ltr'>saevi</span> <span class='ocrx_word' id='word_1_279' title='bbox 992 2638 1062 2676; x_wconf 78' lang='lat' dir='ltr'>vis</span> <span class='ocrx_word' id='word_1_280' title='bbox 1077 2633 1242 2694; x_wconf 76' lang='lat' dir='ltr'>flectit</span> <span class='ocrx_word' id='word_1_281' title='bbox 1268 2635 1440 2680; x_wconf 73' lang='lat' dir='ltr'>amoris.</span> 
     </span>
    </p>
   </div>
   <div class='ocr_carea' id='block_1_9' title="bbox 79 2735 1482 2795">
    <p class='ocr_par' dir='ltr' id='par_1_9' title="bbox 9 2735 1482 2795">
     <span class='ocr_line' id='line_1_37' title="bbox 79 2735 1482 2795; baseline 0.003 -16.762"><span class='ocrx_word' id='word_1_282' title='bbox 79 2738 138 2779; x_wconf 87' lang='lat' dir='ltr'>ita</span> <span class='ocrx_word' id='word_1_283' title='bbox 173 2738 252 2779; x_wconf 87' lang='lat' dir='ltr'>hos</span> <span class='ocrx_word' id='word_1_284' title='bbox 288 2738 432 2786; x_wconf 81' lang='lat' dir='ltr'>versus</span> <span class='ocrx_word' id='word_1_285' title='bbox 470 2740 684 2781; x_wconf 84' lang='lat' dir='ltr'>convertit</span> <span class='ocrx_word' id='word_1_286' title='bbox 710 2735 940 2795; x_wconf 69' lang='lat' dir='ltr'>Heitfiu55</span> <span class='ocrx_word' id='word_1_287' title='bbox 981 2740 1057 2793; x_wconf 88' lang='lat' dir='ltr'>qui</span> <span class='ocrx_word' id='word_1_288' title='bbox 1095 2740 1206 2781; x_wconf 89' lang='lat' dir='ltr'>dum</span> <span class='ocrx_word' id='word_1_289' title='bbox 1231 2741 1278 2781; x_wconf 92' lang='lat' dir='ltr'>in</span> <span class='ocrx_word' id='word_1_290' title='bbox 1311 2741 1482 2783; x_wconf 76' lang='lat' dir='ltr'>alterius</span> 
     </span>
    </p>
   </div>
   <div class='ocr_carea' id='block_1_10' title="bbox 1494 614 1580 639">
    <p class='ocr_par' dir='ltr' id='par_1_10' title="bbox 1494 614 1580 639">
     <span class='ocr_line' id='line_1_38' title="bbox 1494 614 1580 639; baseline 0 -1"><span class='ocrx_word' id='word_1_291' title='bbox 1494 614 1580 639; x_wconf 80' lang='lat' dir='ltr'>Lxu.</span> 
     </span>
    </p>
   </div>
   <div class='ocr_carea' id='block_1_11' title="bbox 1525 2594 1621 2618">
    <p class='ocr_par' dir='ltr' id='par_1_11' title="bbox 1525 2594 1621 2618">
     <span class='ocr_line' id='line_1_39' title="bbox 1525 2594 1621 2618; baseline -0.01 0"><span class='ocrx_word' id='word_1_292' title='bbox 1525 2594 1621 2618; x_wconf 74' lang='lat' dir='ltr'>Lxul.</span> 
     </span>
    </p>
   </div>
  </div>
 </body>
</html>
