1682 2976
138 1936 208 1959 XVI.

211 169 304 217 Ω78
434 167 492 210 L.
527 167 576 212 C.
611 168 1030 213 VALCKENARI
1063 167 1371 235 EPISTOLA

209 288 324 333 gerat
353 279 421 320 D.
441 279 646 338 Heitfius,
679 283 947 329 Theocritum
975 287 1167 324 tractanti
1195 283 1298 325 scitu
1326 285 1455 334 utilis,
1483 288 1592 337 otio-

210 341 278 382 sus
298 345 521 396 aliquando
547 347 759 399 explorare
777 349 909 399 coepi,
940 349 1058 387 cuius
1087 350 1248 401 generis
1279 348 1421 389 versus
1454 351 1499 391 in
1516 363 1591 416 pa·

210 405 428 449 storalibus
453 409 667 450 Theocriti
684 412 941 451 carminibus
964 412 1204 463 frequenter
1226 422 1325 464 prae
1357 416 1501 452 ceteris
1527 426 1592 455 re.

213 481 453 511 currerent:
481 482 522 512 et
538 486 583 512 re
602 466 824 514 deliberata
851 474 1003 522 censui,
1039 474 1237 525 „versum
1262 476 1481 528 dactylum
1512 477 1593 514 dici

213 534 400 585 „debere
422 533 703 588 Bucolicum,
731 537 782 587 fi,
810 539 976 579 duobus
1002 539 1179 593 pedibus
1205 538 1420 591 postremis
1447 540 1593 587 recisis,

213 609 487 649 „remaneret
505 609 760 651 tetrameter,
787 603 859 656 qui
877 596 1139 643 clauderetur
1157 602 1330 654 dactylo,
1356 605 1479 642 tenni
1491 616 1590 641 nan-

213 671 289 712 „te
309 672 475 714 partem
504 665 720 711 orationis,
749 674 873 718 atque
898 665 999 704 adeo
1020 666 1326 706 Alcmanicus.''
1361 667 1596 705 Diomedis

215 734 257 764 et
284 725 440 776 Plotii,
474 729 548 780 qui
577 728 796 779 dactylum
819 729 1021 769 viderunt
1048 730 1093 769 in
1123 739 1264 782 quarta
1298 728 1392 771 sede
1423 730 1596 781 requiri,

214 790 343 828 verba
361 790 540 842 proferri
557 791 716 832 necess'e
733 805 824 832 non
844 791 912 832 est.
949 793 1014 832 De
1043 794 1218 834 verfibus
1244 807 1370 848 agens
1390 792 1597 834 Bucolicis

223 853 502 894 Terentianus
520 855 730 907 Maurus,
753 869 831 911 pro
857 858 1033 897 materia
1060 858 1225 911 elegant
1228 871 1294 908 er,
1322 867 1371 898 ut
1397 856 1520 908 solet,
1544 857 1599 898 fic

219 918 392 958 cecinit:

330 1005 551 1045 Plurimus
574 1007 655 1047 hoc
679 1008 817 1060 pollet
844 1009 1013 1048 Siculae
1037 1009 1206 1049 telluris
1233 1010 1444 1050 alumnus:

325 1070 399 1109 Ne
433 1068 639 1110 Graecum
663 1073 887 1111 immittam
917 1070 1096 1132 versum,
1123 1073 1294 1112 mutabo
1322 1074 1546 1113 Latinum:

332 1133 472 1173 Dulce
497 1135 576 1174 tibi
602 1136 729 1187 pinus
752 1134 1080 1176 submurmurat
1106 1138 1129 1192 J
1156 1151 1210 1176 en
1235 1138 1314 1176 tibi
1338 1136 1484 1189 pastor,

335 1197 535 1236 Proxima
559 1198 793 1247 fonticulis,
828 1208 870 1239 et
896 1208 943 1239 tu
969 1213 1135 1255 quoque
1160 1200 1185 1257 s
1213 1202 1351 1240 dulcia
1375 1202 1532 1254 pangi&

337 1261 504 1311 Iugiter
525 1261 636 1299 hanc
661 1261 790 1313 legem
815 1270 912 1302 toto
937 1276 1074 1315 prope
1103 1266 1285 1304 carmine
1296 1260 1485 1324 servat;

333 1322 496 1385 Noster
521 1338 649 1364 rarus
676 1338 723 1364 eo
747 1320 899 1386 postor
927 1328 1071 1368 Maro.

220 1430 351 1485 Saepe
374 1441 524 1480 tamen
546 1434 594 1474 in
612 1435 812 1475 Maronis
831 1436 997 1490 Eclogis
1023 1437 1201 1490 reperias
1225 1436 1440 1492 bucolicos
1470 1434 1602 1476 semet

220 1495 536 1551 subsequentes,
562 1497 696 1538 veluti
720 1502 767 1539 in
786 1499 870 1538 Ecl.
893 1500 944 1548 11,
964 1513 1003 1539 v.
1021 1507 1093 1551 42.
1116 1510 1157 1540 et
1177 1499 1279 1554 seqq.
1308 1501 1482 1554 Eclogae
1492 1501 1601 1556 vm,

220 1559 394 1600 versum
411 1574 452 1614 7.
482 1571 525 1602 et
541 1560 610 1605 sex
629 1563 868 1615 proximos:
898 1577 1052 1604 verum
1069 1565 1148 1604 hoc
1168 1564 1278 1604 nihil
1305 1563 1372 1611 est,
1400 1564 1428 1602 si
1455 1565 1505 1604 ad
1532 1564 1601 1603 Si-

223 1625 360 1664 culum
375 1624 571 1665 nostrum
594 1625 761 1680 spectes,
793 1627 867 1679 qui
896 1628 1050 1681 ‚viginti
1076 1628 1144 1668 sex
1167 1629 1214 1667 in
1242 1627 1426 1679 Eitlyllio
1450 1628 1601 1680 quinto

225 1701 249 1727 a
284 1702 324 1727 v.
353 1698 420 1730 20.
452 1702 634 1743 pangere
660 1691 839 1730 valuerit
864 1693 1103 1731 continuos.
1151 1691 1350 1732 Bucolica
1390 1691 1603 1730 Theocriti

226 1750 392 1804 septem
408 1753 545 1805 priora
564 1754 748 1806 Eidyllia
766 1767 851 1793 una
872 1767 972 1794 cum
993 1756 1158 1795 decimo
1179 1764 1220 1794 et
1245 1755 1478 1794 undecimo
1510 1768 1601 1794 ver·

225 1815 338 1855 sibus
363 1815 551 1856 constant
577 1819 799 1868 nongentis
825 1819 984 1870 viginti
1004 1815 1196 1876 septem:
1230 1819 1342 1857 inter
1374 1818 1468 1859 illos
1506 1828 1603 1872 927,

225 1877 458 1928 bucolicos,
493 1881 545 1919 ad
578 1881 721 1934 legem
748 1880 866 1934 supra
891 1897 913 1922 a
937 1896 1010 1922 me
1038 1884 1215 1936 positam
1244 1891 1442 1928 tornatos,
1469 1883 1603 1934 reperi

229 1943 418 1981 undecim
425 1938 569 2000 supra
581 1940 882 2001 septingentos
892 1959 908 1992 ;
941 1956 988 1985 ut
1013 1947 1117 1986 adeo
1139 1948 1187 1985 in
1208 1945 1392 1984 versibus
1411 1945 1604 1985 ducentis

228 2016 272 2045 et
274 2002 465 2063 sedecim
483 2021 506 2047 a
525 2010 723 2049 carminis
743 2010 926 2049 bucolici
944 2011 1139 2055 modulo,
1163 2022 1302 2062 neque
1322 2021 1514 2063 unquam
1541 2019 1603 2049 te-

227 2083 361 2119 mere,
383 2072 430 2111 in
448 2085 612 2116 novem
633 2072 715 2112 istie
731 2073 926 2127 Eidylliis
945 2073 1142 2114 recefferit
1167 2074 1426 2112 Theocritus.
1459 2072 1600 2122 Nunc,
1619 2094 1624 2099 -

227 2134 385 2188 quaeso
402 2138 485 2184 Te,
528 2136 749 2188 Virgilium
778 2137 950 2191 respice:
988 2140 1036 2178 in
1064 2136 1247 2178 verfibus
1279 2133 1532 2188 octingentis
1563 2147 1604 2177 et

227 2200 414 2257 triginta
422 2214 438 2248 ,-
473 2203 681 2240 totaenim
698 2202 847 2242 decem
872 2203 1100 2243 conficiunt
1116 2201 1287 2254 Eclogaa
1310 2200 1599 2253 Virgilianas5

227 2263 446 2304 bucolicos
469 2263 739 2305 Theocriteos
755 2267 948 2307 invenies
969 2268 1171 2306 duntaxat
1197 2264 1400 2303 ducentos
1420 2265 1604 2315 triginta

229 2326 343 2374 ἄπιος
383 2328 431 2366 in
460 2329 615 2381 quibus
643 2331 858 2370 nimirum
891 2339 1061 2383 quartus
1086 2343 1171 2382 pes,
1204 2328 1409 2381 dactylus,
1435 2337 1604 2380 partem

231 2391 433 2437 orationis
469 2392 607 2433 finiat:
652 2393 722 2433 sed
749 2404 985 2446 praeterea,
1024 2395 1068 2434 in
1095 2394 1178 2432 illis
1207 2391 1304 2433 850.
1340 2391 1602 2441 Virgilianis,

229 2452 370 2494 versus
389 2453 489 2495 sunt
514 2455 618 2505 286,
644 2458 692 2496 in
718 2459 869 2511 quibus
896 2468 1065 2512 quartus
1092 2470 1178 2510 pes,
1202 2448 1426 2508 spondeus,
1453 2455 1603 2495 dictio-

230 2531 337 2558 nem
369 2519 508 2560 finiat.
550 2522 627 2561 hos
661 2521 690 2560 fi
725 2522 835 2562 forte
863 2523 1042 2562 volueris
1074 2521 1351 2561 adnumerare
1381 2520 1604 2568 Bucolicis,

200 2579 203 2581 “
229 2581 456 2625 Bucolicos
478 2585 528 2624 in
545 2581 707 2638 Eclogia
733 2584 817 2631 suis
842 2585 1034 2639 posuerat
1056 2584 1256 2636 Virgilius
1274 2582 1366 2624 518
1396 2597 1552 2623 verum
1574 2583 1603 2622 fi

228 2637 290 2684 fic
297 2636 457 2688 iudicea
481 2648 745 2698 faciendum,
780 2660 878 2690 tum
905 2650 957 2691 de
990 2648 1246 2688 Theocriteis
1273 2648 1360 2695 216,
1385 2661 1476 2687 non
1500 2659 1605 2700 pure

231 2710 446 2761 bucolicis,
470 2712 764 2767 quadraginta
783 2714 885 2754 Tibi
910 2722 1036 2754 erunt
1056 2713 1314 2762 detrahendi,
1338 2724 1442 2765 quos
1467 2711 1604 2752 Buco-
