<?xml version="1.0" encoding="UTF-8"?>
<!DOCTYPE html PUBLIC "-//W3C//DTD XHTML 1.0 Transitional//EN"
    "http://www.w3.org/TR/xhtml1/DTD/xhtml1-transitional.dtd">
<html xmlns="http://www.w3.org/1999/xhtml" xml:lang="en" lang="en">
 <head>
  <title>
</title>
<meta http-equiv="Content-Type" content="text/html;charset=utf-8" />
  <meta name='ocr-system' content='tesseract 3.04.00' />
  <meta name='ocr-capabilities' content='ocr_page ocr_carea ocr_par ocr_line ocrx_word'/>
</head>
<body>
  <div class='ocr_page' id='page_1' title='image "./theocritibionise00theouoft_0679.png"; bbox 0 0 1748 2982; ppageno 0'>
   <div class='ocr_carea' id='block_1_1' title="bbox 0 1585 27 1756">
    <p class='ocr_par' dir='ltr' id='par_1_1' title="bbox 0 1585 27 1756">
     <span class='ocr_line' id='line_1_1' title="bbox 0 1585 27 1756; textangle 90"><span class='ocrx_word' id='word_1_1' title='bbox 0 1728 27 1756; x_wconf 54' lang='lat'>⁷(</span> <span class='ocrx_word' id='word_1_2' title='bbox 0 1625 23 1709; x_wconf 27' lang='grc' dir='ltr'>,νζ-ρ.»</span> <span class='ocrx_word' id='word_1_3' title='bbox 0 1585 16 1605; x_wconf 53' lang='grc' dir='ltr'>Η,-</span> 
     </span>
    </p>
   </div>
   <div class='ocr_carea' id='block_1_2' title="bbox 358 136 1495 219">
    <p class='ocr_par' dir='ltr' id='par_1_2' title="bbox 358 136 1495 219">
     <span class='ocr_line' id='line_1_2' title="bbox 358 136 1495 219; baseline -0.004 -16"><span class='ocrx_word' id='word_1_4' title='bbox 358 136 366 148; x_wconf 69' lang='grc'><strong>“</strong></span> <span class='ocrx_word' id='word_1_5' title='bbox 422 159 515 202; x_wconf 84' lang='lat' dir='ltr'>AD</span> <span class='ocrx_word' id='word_1_6' title='bbox 554 158 630 202; x_wconf 84' lang='lat' dir='ltr'>M.</span> <span class='ocrx_word' id='word_1_7' title='bbox 665 146 1003 219; x_wconf 72' lang='lat' dir='ltr'>ROVERUM</span> <span class='ocrx_word' id='word_1_8' title='bbox 1036 136 1157 207; x_wconf 71' lang='lat' dir='ltr'>1.3c.</span> <span class='ocrx_word' id='word_1_9' title='bbox 1205 162 1208 165; x_wconf 96' lang='lat'>·</span> <span class='ocrx_word' id='word_1_10' title='bbox 1400 156 1495 209; x_wconf 77' lang='lat'>269</span> 
     </span>
    </p>
   </div>
   <div class='ocr_carea' id='block_1_3' title="bbox 193 216 210 241">
    <p class='ocr_par' dir='ltr' id='par_1_3' title="bbox 193 216 210 241">
     <span class='ocr_line' id='line_1_3' title="bbox 193 216 210 241; baseline 0 0"><span class='ocrx_word' id='word_1_11' title='bbox 193 216 210 241; x_wconf 98' lang='grc' dir='ltr'><em>Ι</em></span> 
     </span>
    </p>
   </div>
   <div class='ocr_carea' id='block_1_4' title="bbox 6 254 1501 334">
    <p class='ocr_par' dir='ltr' id='par_1_4' title="bbox 6 254 1501 334">
     <span class='ocr_line' id='line_1_4' title="bbox 6 254 1501 334; baseline -0.004 -17"><span class='ocrx_word' id='word_1_12' title='bbox 6 300 13 308; x_wconf 90' lang='lat'><strong>·</strong></span> <span class='ocrx_word' id='word_1_13' title='bbox 48 254 62 260; x_wconf 26' lang='grc' dir='ltr'><strong><em>ἐ</em></strong></span> <span class='ocrx_word' id='word_1_14' title='bbox 85 277 165 317; x_wconf 80' lang='lat' dir='ltr'>else</span> <span class='ocrx_word' id='word_1_15' title='bbox 184 276 502 331; x_wconf 77' lang='lat' dir='ltr'>extorquenda;</span> <span class='ocrx_word' id='word_1_16' title='bbox 533 277 691 330; x_wconf 82' lang='lat' dir='ltr'>quippe</span> <span class='ocrx_word' id='word_1_17' title='bbox 707 276 864 334; x_wconf 60' lang='lat' dir='ltr'>quibu?</span> <span class='ocrx_word' id='word_1_18' title='bbox 882 273 1081 327; x_wconf 82' lang='lat' dir='ltr'>persaepe</span> <span class='ocrx_word' id='word_1_19' title='bbox 1097 273 1311 313; x_wconf 84' lang='lat' dir='ltr'>contineri</span> <span class='ocrx_word' id='word_1_20' title='bbox 1328 270 1501 312; x_wconf 80' lang='lat' dir='ltr'>sanctis-</span> 
     </span>
    </p>
   </div>
   <div class='ocr_carea' id='block_1_5' title="bbox 83 337 1499 526">
    <p class='ocr_par' dir='ltr' id='par_1_5' title="bbox 83 337 1499 526">
     <span class='ocr_line' id='line_1_5' title="bbox 83 337 1499 383; baseline -0.006 0"><span class='ocrx_word' id='word_1_21' title='bbox 83 345 188 383; x_wconf 74' lang='lat' dir='ltr'>sima</span> <span class='ocrx_word' id='word_1_22' title='bbox 209 352 251 382; x_wconf 89' lang='lat' dir='ltr'>et</span> <span class='ocrx_word' id='word_1_23' title='bbox 268 344 430 383; x_wconf 85' lang='lat' dir='ltr'>aeterni</span> <span class='ocrx_word' id='word_1_24' title='bbox 459 344 565 381; x_wconf 88' lang='lat' dir='ltr'>iuris</span> <span class='ocrx_word' id='word_1_25' title='bbox 587 342 838 381; x_wconf 82' lang='lat' dir='ltr'>Stoicorum</span> <span class='ocrx_word' id='word_1_26' title='bbox 865 339 1032 379; x_wconf 82' lang='lat' dir='ltr'>decreta</span> <span class='ocrx_word' id='word_1_27' title='bbox 1059 353 1082 379; x_wconf 93' lang='lat' dir='ltr'>e</span> <span class='ocrx_word' id='word_1_28' title='bbox 1107 338 1318 379; x_wconf 83' lang='lat' dir='ltr'>Delsenfis</span> <span class='ocrx_word' id='word_1_29' title='bbox 1337 337 1499 378; x_wconf 86' lang='lat' dir='ltr'>Vestra-</span> 
     </span>
     <span class='ocr_line' id='line_1_6' title="bbox 83 403 1498 461; baseline -0.004 -15"><span class='ocrx_word' id='word_1_30' title='bbox 83 409 137 448; x_wconf 84' lang='lat' dir='ltr'>tis</span> <span class='ocrx_word' id='word_1_31' title='bbox 157 421 284 461; x_wconf 87' lang='lat' dir='ltr'>opere</span> <span class='ocrx_word' id='word_1_32' title='bbox 302 422 394 448; x_wconf 89' lang='lat' dir='ltr'>non</span> <span class='ocrx_word' id='word_1_33' title='bbox 411 403 877 461; x_wconf 20' lang='lat' dir='ltr'>interituroxdidiciss&#39;es.</span> <span class='ocrx_word' id='word_1_34' title='bbox 907 406 956 445; x_wconf 91' lang='lat' dir='ltr'>In</span> <span class='ocrx_word' id='word_1_35' title='bbox 979 418 1026 444; x_wconf 91' lang='lat' dir='ltr'>ea</span> <span class='ocrx_word' id='word_1_36' title='bbox 1045 413 1195 444; x_wconf 86' lang='lat' dir='ltr'>autem</span> <span class='ocrx_word' id='word_1_37' title='bbox 1211 416 1273 452; x_wconf 81' lang='lat' dir='ltr'>re,</span> <span class='ocrx_word' id='word_1_38' title='bbox 1297 403 1379 442; x_wconf 92' lang='lat' dir='ltr'>hoc</span> <span class='ocrx_word' id='word_1_39' title='bbox 1402 404 1498 455; x_wconf 86' lang='lat' dir='ltr'>qui·</span> 
     </span>
     <span class='ocr_line' id='line_1_7' title="bbox 83 467 1499 526; baseline -0.005 -14"><span class='ocrx_word' id='word_1_40' title='bbox 83 473 188 513; x_wconf 85' lang='lat' dir='ltr'>dem</span> <span class='ocrx_word' id='word_1_41' title='bbox 216 483 438 526; x_wconf 87' lang='lat' dir='ltr'>tempore,</span> <span class='ocrx_word' id='word_1_42' title='bbox 477 475 592 525; x_wconf 88' lang='lat' dir='ltr'>(quo</span> <span class='ocrx_word' id='word_1_43' title='bbox 618 484 710 511; x_wconf 88' lang='lat' dir='ltr'>non</span> <span class='ocrx_word' id='word_1_44' title='bbox 736 474 862 524; x_wconf 82' lang='lat' dir='ltr'>pauci</span> <span class='ocrx_word' id='word_1_45' title='bbox 889 470 1162 524; x_wconf 76' lang='lat' dir='ltr'>Linguarum</span> <span class='ocrx_word' id='word_1_46' title='bbox 1187 467 1345 517; x_wconf 87' lang='lat' dir='ltr'>studia,</span> <span class='ocrx_word' id='word_1_47' title='bbox 1379 478 1499 509; x_wconf 78' lang='lat' dir='ltr'>vete-</span> 
     </span>
    </p>
   </div>
   <div class='ocr_carea' id='block_1_6' title="bbox 56 526 1499 590">
    <p class='ocr_par' dir='ltr' id='par_1_6' title="bbox 56 526 1499 590">
     <span class='ocr_line' id='line_1_8' title="bbox 56 526 1499 590; baseline -0.004 -12"><span class='ocrx_word' id='word_1_48' title='bbox 56 526 60 529; x_wconf 21' lang='lat'><em>*</em></span> <span class='ocrx_word' id='word_1_49' title='bbox 82 551 272 590; x_wconf 79' lang='lat' dir='ltr'>rumque</span> <span class='ocrx_word' id='word_1_50' title='bbox 300 547 596 578; x_wconf 81' lang='lat' dir='ltr'>monumenta</span> <span class='ocrx_word' id='word_1_51' title='bbox 618 537 780 576; x_wconf 87' lang='lat' dir='ltr'>habent</span> <span class='ocrx_word' id='word_1_52' title='bbox 806 534 1060 588; x_wconf 84' lang='lat' dir='ltr'>despicatui,</span> <span class='ocrx_word' id='word_1_53' title='bbox 1101 535 1177 588; x_wconf 88' lang='lat' dir='ltr'>qui</span> <span class='ocrx_word' id='word_1_54' title='bbox 1201 534 1395 574; x_wconf 86' lang='lat' dir='ltr'>melioris</span> <span class='ocrx_word' id='word_1_55' title='bbox 1420 534 1499 574; x_wconf 82' lang='lat' dir='ltr'>libi</span> 
     </span>
    </p>
   </div>
   <div class='ocr_carea' id='block_1_7' title="bbox 72 599 1499 1763">
    <p class='ocr_par' dir='ltr' id='par_1_7' title="bbox 72 599 1499 1763">
     <span class='ocr_line' id='line_1_9' title="bbox 82 599 1499 656; baseline -0.004 -14"><span class='ocrx_word' id='word_1_56' title='bbox 82 600 280 642; x_wconf 64' lang='lat' dir='ltr'>scientiae</span> <span class='ocrx_word' id='word_1_57' title='bbox 299 604 618 656; x_wconf 76' lang='lat' dir='ltr'>persuasionem</span> <span class='ocrx_word' id='word_1_58' title='bbox 637 603 930 651; x_wconf 78' lang='lat' dir='ltr'>indueruntz)</span> <span class='ocrx_word' id='word_1_59' title='bbox 955 601 1188 640; x_wconf 77' lang='lat' dir='ltr'>miraberis</span> <span class='ocrx_word' id='word_1_60' title='bbox 1203 600 1394 653; x_wconf 82' lang='lat' dir='ltr'>reperiri,</span> <span class='ocrx_word' id='word_1_61' title='bbox 1422 599 1499 652; x_wconf 85' lang='lat' dir='ltr'>qui</span> 
     </span>
     <span class='ocr_line' id='line_1_10' title="bbox 80 661 1498 721; baseline -0.004 -14"><span class='ocrx_word' id='word_1_62' title='bbox 80 668 194 721; x_wconf 84' lang='lat' dir='ltr'>paria</span> <span class='ocrx_word' id='word_1_63' title='bbox 214 671 382 707; x_wconf 84' lang='lat' dir='ltr'>Tecum</span> <span class='ocrx_word' id='word_1_64' title='bbox 406 669 572 717; x_wconf 83' lang='lat' dir='ltr'>sentiat,</span> <span class='ocrx_word' id='word_1_65' title='bbox 603 668 736 711; x_wconf 79' lang='lat' dir='ltr'>etiam</span> <span class='ocrx_word' id='word_1_66' title='bbox 764 663 1028 706; x_wconf 84' lang='lat' dir='ltr'>Profeffione</span> <span class='ocrx_word' id='word_1_67' title='bbox 1051 661 1385 718; x_wconf 49' lang='lat' dir='ltr'>Philosophum3</span> <span class='ocrx_word' id='word_1_68' title='bbox 1413 665 1498 704; x_wconf 83' lang='lat' dir='ltr'>Sa-</span> 
     </span>
     <span class='ocr_line' id='line_1_11' title="bbox 78 730 1498 786; baseline 0 -16"><span class='ocrx_word' id='word_1_69' title='bbox 78 733 253 771; x_wconf 82' lang='lat' dir='ltr'>muelem</span> <span class='ocrx_word' id='word_1_70' title='bbox 278 734 524 786; x_wconf 75' lang='lat' dir='ltr'>Kc&#39;inigium.</span> <span class='ocrx_word' id='word_1_71' title='bbox 559 733 689 772; x_wconf 86' lang='lat' dir='ltr'>Hunc</span> <span class='ocrx_word' id='word_1_72' title='bbox 712 745 854 784; x_wconf 86' lang='lat' dir='ltr'>nuper</span> <span class='ocrx_word' id='word_1_73' title='bbox 884 732 1115 771; x_wconf 78' lang='lat' dir='ltr'>audiebam</span> <span class='ocrx_word' id='word_1_74' title='bbox 1146 730 1200 768; x_wconf 85' lang='lat' dir='ltr'>fic</span> <span class='ocrx_word' id='word_1_75' title='bbox 1219 731 1390 783; x_wconf 87' lang='lat' dir='ltr'>publice</span> <span class='ocrx_word' id='word_1_76' title='bbox 1411 730 1498 770; x_wconf 85' lang='lat' dir='ltr'>dis-</span> 
     </span>
     <span class='ocr_line' id='line_1_12' title="bbox 77 795 1498 850; baseline -0.001 -14"><span class='ocrx_word' id='word_1_77' title='bbox 77 806 334 850; x_wconf 78' lang='lat' dir='ltr'>putantem,</span> <span class='ocrx_word' id='word_1_78' title='bbox 369 808 418 841; x_wconf 80' lang='lat' dir='ltr'>ut</span> <span class='ocrx_word' id='word_1_79' title='bbox 447 799 619 838; x_wconf 78' lang='lat' dir='ltr'>noricas</span> <span class='ocrx_word' id='word_1_80' title='bbox 645 797 909 850; x_wconf 82' lang='lat' dir='ltr'>Pythagorae</span> <span class='ocrx_word' id='word_1_81' title='bbox 940 795 1252 848; x_wconf 88' lang='lat' dir='ltr'>discipulorum</span> <span class='ocrx_word' id='word_1_82' title='bbox 1281 796 1498 847; x_wconf 81' lang='lat' dir='ltr'>reliquias,</span> 
     </span>
     <span class='ocr_line' id='line_1_13' title="bbox 78 860 1498 918; baseline -0.001 -18"><span class='ocrx_word' id='word_1_83' title='bbox 78 871 121 901; x_wconf 90' lang='lat' dir='ltr'>et</span> <span class='ocrx_word' id='word_1_84' title='bbox 153 862 348 902; x_wconf 77' lang='lat' dir='ltr'>Platonis</span> <span class='ocrx_word' id='word_1_85' title='bbox 372 863 594 918; x_wconf 77' lang='lat' dir='ltr'>Dialogos‚</span> <span class='ocrx_word' id='word_1_86' title='bbox 643 863 738 901; x_wconf 83' lang='lat' dir='ltr'>imo</span> <span class='ocrx_word' id='word_1_87' title='bbox 770 862 1031 911; x_wconf 84' lang='lat' dir='ltr'>(horridum</span> <span class='ocrx_word' id='word_1_88' title='bbox 1060 860 1192 900; x_wconf 88' lang='lat' dir='ltr'>illum</span> <span class='ocrx_word' id='word_1_89' title='bbox 1221 874 1268 900; x_wconf 81' lang='lat' dir='ltr'>ac</span> <span class='ocrx_word' id='word_1_90' title='bbox 1302 860 1498 910; x_wconf 83' lang='lat' dir='ltr'>tristem)</span> 
     </span>
     <span class='ocr_line' id='line_1_14' title="bbox 76 925 1496 984; baseline -0.001 -18"><span class='ocrx_word' id='word_1_91' title='bbox 76 926 366 984; x_wconf 64' lang='lat' dir='ltr'>Aristotelem,</span> <span class='ocrx_word' id='word_1_92' title='bbox 393 937 435 967; x_wconf 92' lang='lat' dir='ltr'>et</span> <span class='ocrx_word' id='word_1_93' title='bbox 454 928 702 968; x_wconf 77' lang='lat' dir='ltr'>Stoicorum</span> <span class='ocrx_word' id='word_1_94' title='bbox 719 928 924 976; x_wconf 71' lang='lat' dir='ltr'>Tuorum</span> <span class='ocrx_word' id='word_1_95' title='bbox 946 926 1185 981; x_wconf 84' lang='lat' dir='ltr'>fragmenta</span> <span class='ocrx_word' id='word_1_96' title='bbox 1216 926 1315 974; x_wconf 87' lang='lat' dir='ltr'>illis,</span> <span class='ocrx_word' id='word_1_97' title='bbox 1341 926 1417 978; x_wconf 84' lang='lat' dir='ltr'>qui</span> <span class='ocrx_word' id='word_1_98' title='bbox 1443 925 1496 964; x_wconf 86' lang='lat' dir='ltr'>ad</span> 
     </span>
     <span class='ocr_line' id='line_1_15' title="bbox 75 991 1495 1045; baseline -0.001 -13"><span class='ocrx_word' id='word_1_99' title='bbox 75 991 400 1045; x_wconf 79' lang='lat' dir='ltr'>Philosophiam</span> <span class='ocrx_word' id='word_1_100' title='bbox 437 992 559 1033; x_wconf 84' lang='lat' dir='ltr'>viam</span> <span class='ocrx_word' id='word_1_101' title='bbox 597 993 891 1041; x_wconf 83' lang='lat' dir='ltr'>adfectabant,</span> <span class='ocrx_word' id='word_1_102' title='bbox 939 1004 1038 1044; x_wconf 89' lang='lat' dir='ltr'>prae</span> <span class='ocrx_word' id='word_1_103' title='bbox 1080 992 1391 1031; x_wconf 88' lang='lat' dir='ltr'>recentioribus</span> <span class='ocrx_word' id='word_1_104' title='bbox 1437 991 1495 1030; x_wconf 91' lang='lat' dir='ltr'>le-</span> 
     </span>
     <span class='ocr_line' id='line_1_16' title="bbox 74 1057 1497 1111; baseline 0 -15"><span class='ocrx_word' id='word_1_105' title='bbox 74 1058 213 1111; x_wconf 83' lang='lat' dir='ltr'>genda</span> <span class='ocrx_word' id='word_1_106' title='bbox 248 1058 598 1106; x_wconf 77' lang='lat' dir='ltr'>commendaret,</span> <span class='ocrx_word' id='word_1_107' title='bbox 638 1066 681 1097; x_wconf 87' lang='lat' dir='ltr'>et</span> <span class='ocrx_word' id='word_1_108' title='bbox 717 1058 930 1110; x_wconf 83' lang='lat' dir='ltr'>probabili</span> <span class='ocrx_word' id='word_1_109' title='bbox 964 1057 1157 1096; x_wconf 87' lang='lat' dir='ltr'>oratione</span> <span class='ocrx_word' id='word_1_110' title='bbox 1198 1058 1414 1096; x_wconf 88' lang='lat' dir='ltr'>evinceret</span> <span class='ocrx_word' id='word_1_111' title='bbox 1449 1068 1497 1096; x_wconf 82' lang='lat' dir='ltr'>ac</span> 
     </span>
     <span class='ocr_line' id='line_1_17' title="bbox 74 1121 1495 1176; baseline -0.001 -14"><span class='ocrx_word' id='word_1_112' title='bbox 74 1121 357 1176; x_wconf 83' lang='lat' dir='ltr'>persuaderet.</span> <span class='ocrx_word' id='word_1_113' title='bbox 403 1123 497 1162; x_wconf 86' lang='lat' dir='ltr'>Hoc</span> <span class='ocrx_word' id='word_1_114' title='bbox 527 1135 578 1162; x_wconf 88' lang='lat' dir='ltr'>eo</span> <span class='ocrx_word' id='word_1_115' title='bbox 610 1123 724 1162; x_wconf 85' lang='lat' dir='ltr'>mihi</span> <span class='ocrx_word' id='word_1_116' title='bbox 752 1124 979 1162; x_wconf 84' lang='lat' dir='ltr'>videbatur</span> <span class='ocrx_word' id='word_1_117' title='bbox 1006 1123 1193 1176; x_wconf 82' lang='lat' dir='ltr'>dignum</span> <span class='ocrx_word' id='word_1_118' title='bbox 1230 1131 1495 1170; x_wconf 87' lang='lat' dir='ltr'>memoratu,</span> 
     </span>
     <span class='ocr_line' id='line_1_18' title="bbox 75 1187 1495 1242; baseline 0 -16"><span class='ocrx_word' id='word_1_119' title='bbox 75 1189 173 1239; x_wconf 85' lang='lat' dir='ltr'>quia</span> <span class='ocrx_word' id='word_1_120' title='bbox 197 1189 267 1227; x_wconf 93' lang='lat' dir='ltr'>Tu</span> <span class='ocrx_word' id='word_1_121' title='bbox 291 1200 513 1226; x_wconf 87' lang='lat' dir='ltr'>novarum</span> <span class='ocrx_word' id='word_1_122' title='bbox 537 1201 689 1227; x_wconf 85' lang='lat' dir='ltr'>rerum</span> <span class='ocrx_word' id='word_1_123' title='bbox 712 1201 756 1228; x_wconf 77' lang='lat' dir='ltr'>es</span> <span class='ocrx_word' id='word_1_124' title='bbox 783 1187 1181 1242; x_wconf 83' lang='lat' dir='ltr'>cognoscendarum</span> <span class='ocrx_word' id='word_1_125' title='bbox 1211 1188 1419 1241; x_wconf 86' lang='lat' dir='ltr'>cupidus,</span> <span class='ocrx_word' id='word_1_126' title='bbox 1451 1195 1495 1226; x_wconf 90' lang='lat' dir='ltr'>et</span> 
     </span>
     <span class='ocr_line' id='line_1_19' title="bbox 75 1252 1498 1306; baseline -0.001 -14"><span class='ocrx_word' id='word_1_127' title='bbox 75 1263 162 1305; x_wconf 85' lang='lat' dir='ltr'>quo</span> <span class='ocrx_word' id='word_1_128' title='bbox 181 1253 314 1292; x_wconf 88' lang='lat' dir='ltr'>modo</span> <span class='ocrx_word' id='word_1_129' title='bbox 333 1265 507 1304; x_wconf 89' lang='lat' dir='ltr'>cunque</span> <span class='ocrx_word' id='word_1_130' title='bbox 525 1252 811 1306; x_wconf 85' lang='lat' dir='ltr'>spectantium</span> <span class='ocrx_word' id='word_1_131' title='bbox 831 1253 882 1291; x_wconf 84' lang='lat' dir='ltr'>ad</span> <span class='ocrx_word' id='word_1_132' title='bbox 902 1253 1145 1292; x_wconf 84' lang='lat' dir='ltr'>Literarum</span> <span class='ocrx_word' id='word_1_133' title='bbox 1165 1254 1498 1293; x_wconf 86' lang='lat' dir='ltr'>Humaniorum</span> 
     </span>
     <span class='ocr_line' id='line_1_20' title="bbox 73 1314 1495 1369; baseline 0 -12"><span class='ocrx_word' id='word_1_134' title='bbox 73 1319 361 1366; x_wconf 84' lang='lat' dir='ltr'>incrementa,</span> <span class='ocrx_word' id='word_1_135' title='bbox 390 1331 499 1369; x_wconf 87' lang='lat' dir='ltr'>quae</span> <span class='ocrx_word' id='word_1_136' title='bbox 519 1319 601 1357; x_wconf 91' lang='lat' dir='ltr'>hoc</span> <span class='ocrx_word' id='word_1_137' title='bbox 627 1320 759 1357; x_wconf 87' lang='lat' dir='ltr'>etiam</span> <span class='ocrx_word' id='word_1_138' title='bbox 785 1327 982 1369; x_wconf 85' lang='lat' dir='ltr'>tempore</span> <span class='ocrx_word' id='word_1_139' title='bbox 1014 1318 1127 1357; x_wconf 90' lang='lat' dir='ltr'>haud</span> <span class='ocrx_word' id='word_1_140' title='bbox 1155 1314 1495 1357; x_wconf 71' lang='lat' dir='ltr'>fortunatissimo</span> 
     </span>
     <span class='ocr_line' id='line_1_21' title="bbox 73 1381 1496 1432; baseline -0.001 -9"><span class='ocrx_word' id='word_1_141' title='bbox 73 1385 123 1423; x_wconf 89' lang='lat' dir='ltr'>in</span> <span class='ocrx_word' id='word_1_142' title='bbox 144 1383 373 1422; x_wconf 85' lang='lat' dir='ltr'>Hollandia</span> <span class='ocrx_word' id='word_1_143' title='bbox 392 1382 541 1431; x_wconf 84' lang='lat' dir='ltr'>vestra,</span> <span class='ocrx_word' id='word_1_144' title='bbox 569 1383 692 1422; x_wconf 76' lang='lat' dir='ltr'>sicuti</span> <span class='ocrx_word' id='word_1_145' title='bbox 707 1383 797 1421; x_wconf 88' lang='lat' dir='ltr'>iam</span> <span class='ocrx_word' id='word_1_146' title='bbox 816 1391 916 1422; x_wconf 88' lang='lat' dir='ltr'>ante</span> <span class='ocrx_word' id='word_1_147' title='bbox 942 1395 1036 1422; x_wconf 86' lang='lat' dir='ltr'>non</span> <span class='ocrx_word' id='word_1_148' title='bbox 1063 1381 1353 1421; x_wconf 64' lang='lat' dir='ltr'>dissimillimis</span> <span class='ocrx_word' id='word_1_149' title='bbox 1381 1391 1496 1432; x_wconf 80' lang='lat' dir='ltr'>tem-</span> 
     </span>
     <span class='ocr_line' id='line_1_22' title="bbox 72 1443 1494 1506; baseline 0 -19"><span class='ocrx_word' id='word_1_150' title='bbox 72 1447 287 1503; x_wconf 79' lang='lat' dir='ltr'>pestatum</span> <span class='ocrx_word' id='word_1_151' title='bbox 323 1448 511 1486; x_wconf 79' lang='lat' dir='ltr'>articulis</span> <span class='ocrx_word' id='word_1_152' title='bbox 554 1457 777 1498; x_wconf 83' lang='lat' dir='ltr'>evenerat,</span> <span class='ocrx_word' id='word_1_153' title='bbox 823 1448 961 1496; x_wconf 82' lang='lat' dir='ltr'>edito,</span> <span class='ocrx_word' id='word_1_154' title='bbox 1013 1455 1180 1499; x_wconf 86' lang='lat' dir='ltr'>praeter</span> <span class='ocrx_word' id='word_1_155' title='bbox 1218 1443 1494 1506; x_wconf 73' lang='lat' dir='ltr'>Hesychium,</span> 
     </span>
     <span class='ocr_line' id='line_1_23' title="bbox 75 1512 1495 1566; baseline -0.001 -12"><span class='ocrx_word' id='word_1_156' title='bbox 75 1513 296 1554; x_wconf 83' lang='lat' dir='ltr'>Diodoro</span> <span class='ocrx_word' id='word_1_157' title='bbox 323 1513 496 1561; x_wconf 85' lang='lat' dir='ltr'>Siculo,</span> <span class='ocrx_word' id='word_1_158' title='bbox 537 1512 658 1552; x_wconf 83' lang='lat' dir='ltr'>suere</span> <span class='ocrx_word' id='word_1_159' title='bbox 687 1513 877 1566; x_wconf 83' lang='lat' dir='ltr'>pauxillo</span> <span class='ocrx_word' id='word_1_160' title='bbox 909 1512 1040 1566; x_wconf 89' lang='lat' dir='ltr'>spatio</span> <span class='ocrx_word' id='word_1_161' title='bbox 1068 1525 1317 1566; x_wconf 86' lang='lat' dir='ltr'>permagna.</span> <span class='ocrx_word' id='word_1_162' title='bbox 1365 1514 1495 1553; x_wconf 85' lang='lat' dir='ltr'>Prae-</span> 
     </span>
     <span class='ocr_line' id='line_1_24' title="bbox 72 1577 1494 1632; baseline -0.001 -14"><span class='ocrx_word' id='word_1_163' title='bbox 72 1588 189 1619; x_wconf 87' lang='lat' dir='ltr'>terea</span> <span class='ocrx_word' id='word_1_164' title='bbox 210 1592 257 1618; x_wconf 87' lang='lat' dir='ltr'>ea</span> <span class='ocrx_word' id='word_1_165' title='bbox 278 1590 344 1616; x_wconf 86' lang='lat' dir='ltr'>res</span> <span class='ocrx_word' id='word_1_166' title='bbox 365 1578 479 1616; x_wconf 84' lang='lat' dir='ltr'>mihi</span> <span class='ocrx_word' id='word_1_167' title='bbox 499 1578 680 1630; x_wconf 84' lang='lat' dir='ltr'>quidem</span> <span class='ocrx_word' id='word_1_168' title='bbox 709 1577 897 1617; x_wconf 85' lang='lat' dir='ltr'>solidum</span> <span class='ocrx_word' id='word_1_169' title='bbox 922 1587 1144 1631; x_wconf 82' lang='lat' dir='ltr'>pepererat</span> <span class='ocrx_word' id='word_1_170' title='bbox 1166 1579 1393 1632; x_wconf 86' lang='lat' dir='ltr'>gaudium,</span> <span class='ocrx_word' id='word_1_171' title='bbox 1422 1579 1494 1618; x_wconf 87' lang='lat' dir='ltr'>cui</span> 
     </span>
     <span class='ocr_line' id='line_1_25' title="bbox 72 1642 1493 1701; baseline 0.001 -19"><span class='ocrx_word' id='word_1_172' title='bbox 72 1642 272 1701; x_wconf 80' lang='lat' dir='ltr'>persaepe</span> <span class='ocrx_word' id='word_1_173' title='bbox 298 1644 449 1682; x_wconf 84' lang='lat' dir='ltr'>accidit</span> <span class='ocrx_word' id='word_1_174' title='bbox 476 1643 734 1692; x_wconf 85' lang='lat' dir='ltr'>molestum,</span> <span class='ocrx_word' id='word_1_175' title='bbox 769 1644 1003 1692; x_wconf 87' lang='lat' dir='ltr'>nobiliora,</span> <span class='ocrx_word' id='word_1_176' title='bbox 1041 1643 1093 1683; x_wconf 89' lang='lat' dir='ltr'>de</span> <span class='ocrx_word' id='word_1_177' title='bbox 1123 1643 1280 1696; x_wconf 88' lang='lat' dir='ltr'>quibus</span> <span class='ocrx_word' id='word_1_178' title='bbox 1310 1644 1493 1697; x_wconf 80' lang='lat' dir='ltr'>cogitare</span> 
     </span>
     <span class='ocr_line' id='line_1_26' title="bbox 72 1706 1495 1763; baseline 0.001 -16"><span class='ocrx_word' id='word_1_179' title='bbox 72 1717 289 1763; x_wconf 82' lang='lat' dir='ltr'>poteram,</span> <span class='ocrx_word' id='word_1_180' title='bbox 319 1709 451 1747; x_wconf 79' lang='lat' dir='ltr'>huius</span> <span class='ocrx_word' id='word_1_181' title='bbox 474 1706 604 1747; x_wconf 86' lang='lat' dir='ltr'>seculi</span> <span class='ocrx_word' id='word_1_182' title='bbox 633 1709 806 1762; x_wconf 80' lang='lat' dir='ltr'>ingenia</span> <span class='ocrx_word' id='word_1_183' title='bbox 834 1709 1150 1757; x_wconf 82' lang='lat' dir='ltr'>Mathematica‚</span> <span class='ocrx_word' id='word_1_184' title='bbox 1177 1707 1368 1747; x_wconf 81' lang='lat' dir='ltr'>inventis</span> <span class='ocrx_word' id='word_1_185' title='bbox 1394 1707 1495 1759; x_wconf 86' lang='lat' dir='ltr'>suis,</span> 
     </span>
    </p>
   </div>
   <div class='ocr_carea' id='block_1_8' title="bbox 0 1772 1495 1827">
    <p class='ocr_par' dir='ltr' id='par_1_8' title="bbox 0 1772 1495 1827">
     <span class='ocr_line' id='line_1_27' title="bbox 0 1772 1495 1827; baseline -0.001 -14"><span class='ocrx_word' id='word_1_186' title='bbox 0 1782 25 1827; x_wconf 55' lang='grc' dir='ltr'>,ᾗ</span> <span class='ocrx_word' id='word_1_187' title='bbox 73 1772 309 1813; x_wconf 75' lang='lat' dir='ltr'>utilissimis</span> <span class='ocrx_word' id='word_1_188' title='bbox 332 1773 416 1811; x_wconf 83' lang='lat' dir='ltr'>illis</span> <span class='ocrx_word' id='word_1_189' title='bbox 437 1782 481 1812; x_wconf 89' lang='lat' dir='ltr'>et</span> <span class='ocrx_word' id='word_1_190' title='bbox 500 1774 656 1813; x_wconf 87' lang='lat' dir='ltr'>merito</span> <span class='ocrx_word' id='word_1_191' title='bbox 683 1774 962 1822; x_wconf 84' lang='lat' dir='ltr'>admirandis,</span> <span class='ocrx_word' id='word_1_192' title='bbox 986 1773 1090 1813; x_wconf 88' lang='lat' dir='ltr'>adeo</span> <span class='ocrx_word' id='word_1_193' title='bbox 1117 1782 1267 1813; x_wconf 88' lang='lat' dir='ltr'>tamen</span> <span class='ocrx_word' id='word_1_194' title='bbox 1287 1772 1495 1823; x_wconf 84' lang='lat' dir='ltr'>distineri,</span> 
     </span>
    </p>
   </div>
   <div class='ocr_carea' id='block_1_9' title="bbox 6 1837 1493 1891">
    <p class='ocr_par' dir='ltr' id='par_1_9' title="bbox 6 1837 1493 1891">
     <span class='ocr_line' id='line_1_28' title="bbox 6 1837 1493 1891; baseline 0.001 -14"><span class='ocrx_word' id='word_1_195' title='bbox 6 1851 19 1866; x_wconf 61' lang='lat'>⁹·</span> <span class='ocrx_word' id='word_1_196' title='bbox 38 1846 49 1865; x_wconf 30' lang='grc' dir='ltr'>Χ·</span> <span class='ocrx_word' id='word_1_197' title='bbox 73 1846 124 1877; x_wconf 88' lang='lat' dir='ltr'>ut</span> <span class='ocrx_word' id='word_1_198' title='bbox 151 1838 282 1878; x_wconf 87' lang='lat' dir='ltr'>clarae</span> <span class='ocrx_word' id='word_1_199' title='bbox 307 1839 496 1890; x_wconf 75' lang='lat' dir='ltr'>veritati,</span> <span class='ocrx_word' id='word_1_200' title='bbox 523 1837 658 1891; x_wconf 81' lang='lat' dir='ltr'>paene</span> <span class='ocrx_word' id='word_1_201' title='bbox 686 1839 894 1889; x_wconf 74' lang='lat' dir='ltr'>dixerim,</span> <span class='ocrx_word' id='word_1_202' title='bbox 930 1840 1066 1877; x_wconf 77' lang='lat' dir='ltr'>nimis</span> <span class='ocrx_word' id='word_1_203' title='bbox 1094 1837 1335 1888; x_wconf 78' lang='lat' dir='ltr'>adsuefacti,</span> <span class='ocrx_word' id='word_1_204' title='bbox 1365 1839 1493 1885; x_wconf 73' lang='lat' dir='ltr'>horas</span> 
     </span>
    </p>
   </div>
   <div class='ocr_carea' id='block_1_10' title="bbox 0 1900 1492 1960">
    <p class='ocr_par' dir='ltr' id='par_1_10' title="bbox 0 1900 1492 1960">
     <span class='ocr_line' id='line_1_29' title="bbox 0 1900 1492 1960; baseline 0.001 -18"><span class='ocrx_word' id='word_1_205' title='bbox 0 1911 15 1960; x_wconf 37' lang='lat'>4¹</span> <span class='ocrx_word' id='word_1_206' title='bbox 73 1903 150 1943; x_wconf 84' lang='lat' dir='ltr'>fibi</span> <span class='ocrx_word' id='word_1_207' title='bbox 170 1903 424 1956; x_wconf 82' lang='lat' dir='ltr'>indulgeant</span> <span class='ocrx_word' id='word_1_208' title='bbox 439 1900 655 1951; x_wconf 79' lang='lat' dir='ltr'>rariffimi,</span> <span class='ocrx_word' id='word_1_209' title='bbox 684 1916 787 1955; x_wconf 85' lang='lat' dir='ltr'>quas</span> <span class='ocrx_word' id='word_1_210' title='bbox 815 1905 862 1942; x_wconf 90' lang='lat' dir='ltr'>in</span> <span class='ocrx_word' id='word_1_211' title='bbox 892 1905 1047 1943; x_wconf 87' lang='lat' dir='ltr'>veteris</span> <span class='ocrx_word' id='word_1_212' title='bbox 1076 1903 1273 1943; x_wconf 89' lang='lat' dir='ltr'>Graeciae</span> <span class='ocrx_word' id='word_1_213' title='bbox 1302 1905 1492 1943; x_wconf 81' lang='lat' dir='ltr'>tenebris</span> 
     </span>
    </p>
   </div>
   <div class='ocr_carea' id='block_1_11' title="bbox 7 1960 1492 2088">
    <p class='ocr_par' dir='ltr' id='par_1_11' title="bbox 7 1960 1492 2088">
     <span class='ocr_line' id='line_1_30' title="bbox 14 1960 1492 2021; baseline 0 -14"><span class='ocrx_word' id='word_1_214' title='bbox 14 1960 22 2007; x_wconf 62' lang='lat' dir='ltr'><strong><em>J</em></strong></span> <span class='ocrx_word' id='word_1_215' title='bbox 73 1968 377 2008; x_wconf 82' lang='lat' dir='ltr'>illuminandis</span> <span class='ocrx_word' id='word_1_216' title='bbox 415 1967 734 2008; x_wconf 87' lang='lat' dir='ltr'>consumerent.</span> <span class='ocrx_word' id='word_1_217' title='bbox 788 1969 939 2020; x_wconf 90' lang='lat' dir='ltr'>Neque</span> <span class='ocrx_word' id='word_1_218' title='bbox 979 1977 1154 2021; x_wconf 84' lang='lat' dir='ltr'>tantum</span> <span class='ocrx_word' id='word_1_219' title='bbox 1193 1960 1345 2008; x_wconf 88' lang='lat' dir='ltr'>accidit</span> <span class='ocrx_word' id='word_1_220' title='bbox 1380 1969 1492 2008; x_wconf 86' lang='lat' dir='ltr'>illud</span> 
     </span>
     <span class='ocr_line' id='line_1_31' title="bbox 7 2031 1491 2088; baseline -0.003 -15"><span class='ocrx_word' id='word_1_221' title='bbox 7 2033 22 2078; x_wconf 17' lang='lat' dir='ltr'>ss&#39;</span> <span class='ocrx_word' id='word_1_222' title='bbox 73 2032 323 2081; x_wconf 83' lang='lat' dir='ltr'>molestum,</span> <span class='ocrx_word' id='word_1_223' title='bbox 354 2031 424 2072; x_wconf 91' lang='lat' dir='ltr'>sed</span> <span class='ocrx_word' id='word_1_224' title='bbox 455 2042 497 2072; x_wconf 91' lang='lat' dir='ltr'>et</span> <span class='ocrx_word' id='word_1_225' title='bbox 514 2033 800 2073; x_wconf 87' lang='lat' dir='ltr'>vehementer</span> <span class='ocrx_word' id='word_1_226' title='bbox 825 2033 1148 2084; x_wconf 86' lang='lat' dir='ltr'>admirandum,</span> <span class='ocrx_word' id='word_1_227' title='bbox 1177 2034 1395 2088; x_wconf 83' lang='lat' dir='ltr'>cogitanti,</span> <span class='ocrx_word' id='word_1_228' title='bbox 1421 2047 1491 2074; x_wconf 88' lang='lat' dir='ltr'>ce.</span> 
     </span>
    </p>
   </div>
   <div class='ocr_carea' id='block_1_12' title="bbox 72 2098 1490 2545">
    <p class='ocr_par' dir='ltr' id='par_1_12' title="bbox 72 2098 1490 2545">
     <span class='ocr_line' id='line_1_32' title="bbox 72 2098 1490 2154; baseline 0.001 -16"><span class='ocrx_word' id='word_1_229' title='bbox 72 2107 189 2138; x_wconf 85' lang='lat' dir='ltr'>teros</span> <span class='ocrx_word' id='word_1_230' title='bbox 210 2110 366 2137; x_wconf 85' lang='lat' dir='ltr'>omnes</span> <span class='ocrx_word' id='word_1_231' title='bbox 393 2099 442 2137; x_wconf 86' lang='lat' dir='ltr'>in</span> <span class='ocrx_word' id='word_1_232' title='bbox 474 2110 732 2150; x_wconf 85' lang='lat' dir='ltr'>quacunque</span> <span class='ocrx_word' id='word_1_233' title='bbox 757 2107 845 2138; x_wconf 88' lang='lat' dir='ltr'>arte</span> <span class='ocrx_word' id='word_1_234' title='bbox 873 2098 1129 2139; x_wconf 80' lang='lat' dir='ltr'>excellentes</span> <span class='ocrx_word' id='word_1_235' title='bbox 1153 2100 1394 2154; x_wconf 88' lang='lat' dir='ltr'>ingenuam</span> <span class='ocrx_word' id='word_1_236' title='bbox 1420 2101 1490 2139; x_wconf 85' lang='lat' dir='ltr'>in-</span> 
     </span>
     <span class='ocr_line' id='line_1_33' title="bbox 74 2162 1489 2217; baseline 0.001 -14"><span class='ocrx_word' id='word_1_237' title='bbox 74 2162 215 2203; x_wconf 71' lang='lat' dir='ltr'>vasisse</span> <span class='ocrx_word' id='word_1_238' title='bbox 243 2164 552 2216; x_wconf 84' lang='lat' dir='ltr'>cupiditatem,</span> <span class='ocrx_word' id='word_1_239' title='bbox 582 2177 664 2214; x_wconf 87' lang='lat' dir='ltr'>qua</span> <span class='ocrx_word' id='word_1_240' title='bbox 689 2162 801 2202; x_wconf 84' lang='lat' dir='ltr'>suae</span> <span class='ocrx_word' id='word_1_241' title='bbox 820 2163 1063 2217; x_wconf 84' lang='lat' dir='ltr'>disciplinae</span> <span class='ocrx_word' id='word_1_242' title='bbox 1089 2165 1321 2213; x_wconf 85' lang='lat' dir='ltr'>Auctores‚</span> <span class='ocrx_word' id='word_1_243' title='bbox 1352 2178 1489 2217; x_wconf 87' lang='lat' dir='ltr'>quan-</span> 
     </span>
     <span class='ocr_line' id='line_1_34' title="bbox 74 2227 1490 2282; baseline 0.001 -14"><span class='ocrx_word' id='word_1_244' title='bbox 74 2242 209 2282; x_wconf 82' lang='lat' dir='ltr'>quam</span> <span class='ocrx_word' id='word_1_245' title='bbox 237 2241 260 2268; x_wconf 88' lang='lat' dir='ltr'>a</span> <span class='ocrx_word' id='word_1_246' title='bbox 288 2229 557 2282; x_wconf 78' lang='lat' dir='ltr'>Linguarum</span> <span class='ocrx_word' id='word_1_247' title='bbox 586 2227 816 2268; x_wconf 82' lang='lat' dir='ltr'>scientibus</span> <span class='ocrx_word' id='word_1_248' title='bbox 846 2228 1082 2277; x_wconf 41' lang='lat' dir='ltr'>conversos)</span> <span class='ocrx_word' id='word_1_249' title='bbox 1110 2228 1181 2268; x_wconf 90' lang='lat' dir='ltr'>sua</span> <span class='ocrx_word' id='word_1_250' title='bbox 1210 2238 1358 2270; x_wconf 87' lang='lat' dir='ltr'>tamen</span> <span class='ocrx_word' id='word_1_251' title='bbox 1386 2232 1490 2270; x_wconf 86' lang='lat' dir='ltr'>Lin-</span> 
     </span>
     <span class='ocr_line' id='line_1_35' title="bbox 73 2292 1489 2349; baseline 0.002 -17"><span class='ocrx_word' id='word_1_252' title='bbox 73 2308 157 2348; x_wconf 86' lang='lat' dir='ltr'>gua</span> <span class='ocrx_word' id='word_1_253' title='bbox 181 2294 407 2346; x_wconf 88' lang='lat' dir='ltr'>loquentes</span> <span class='ocrx_word' id='word_1_254' title='bbox 441 2294 587 2332; x_wconf 74' lang='lat' dir='ltr'>audire</span> <span class='ocrx_word' id='word_1_255' title='bbox 615 2302 892 2345; x_wconf 79' lang='lat' dir='ltr'>exoptarent3</span> <span class='ocrx_word' id='word_1_256' title='bbox 918 2295 1119 2333; x_wconf 81' lang='lat' dir='ltr'>homines</span> <span class='ocrx_word' id='word_1_257' title='bbox 1150 2303 1295 2334; x_wconf 86' lang='lat' dir='ltr'>contra</span> <span class='ocrx_word' id='word_1_258' title='bbox 1325 2292 1489 2349; x_wconf 87' lang='lat' dir='ltr'>sapien·</span> 
     </span>
     <span class='ocr_line' id='line_1_36' title="bbox 73 2355 1488 2412; baseline 0.003 -15"><span class='ocrx_word' id='word_1_259' title='bbox 73 2355 271 2408; x_wconf 72' lang='lat' dir='ltr'>fiffimos,</span> <span class='ocrx_word' id='word_1_260' title='bbox 297 2371 375 2410; x_wconf 85' lang='lat' dir='ltr'>per</span> <span class='ocrx_word' id='word_1_261' title='bbox 405 2360 626 2410; x_wconf 83' lang='lat' dir='ltr'>Europam</span> <span class='ocrx_word' id='word_1_262' title='bbox 652 2357 825 2412; x_wconf 79' lang='lat' dir='ltr'>sparsos,</span> <span class='ocrx_word' id='word_1_263' title='bbox 852 2373 1043 2411; x_wconf 89' lang='lat' dir='ltr'>quorum</span> <span class='ocrx_word' id='word_1_264' title='bbox 1062 2359 1295 2399; x_wconf 72' lang='lat' dir='ltr'>numerosa</span> <span class='ocrx_word' id='word_1_265' title='bbox 1323 2361 1488 2402; x_wconf 83' lang='lat' dir='ltr'>familia</span> 
     </span>
     <span class='ocr_line' id='line_1_37' title="bbox 75 2419 1487 2478; baseline 0.003 -16"><span class='ocrx_word' id='word_1_266' title='bbox 75 2422 243 2476; x_wconf 84' lang='lat' dir='ltr'>semper</span> <span class='ocrx_word' id='word_1_267' title='bbox 260 2432 409 2463; x_wconf 84' lang='lat' dir='ltr'>tamen</span> <span class='ocrx_word' id='word_1_268' title='bbox 434 2423 598 2475; x_wconf 71' lang='lat' dir='ltr'>excipio</span> <span class='ocrx_word' id='word_1_269' title='bbox 619 2423 697 2462; x_wconf 89' lang='lat' dir='ltr'>hac</span> <span class='ocrx_word' id='word_1_270' title='bbox 716 2419 849 2463; x_wconf 86' lang='lat' dir='ltr'>etiam</span> <span class='ocrx_word' id='word_1_271' title='bbox 867 2424 922 2463; x_wconf 81' lang='lat' dir='ltr'>in&#39;</span> <span class='ocrx_word' id='word_1_272' title='bbox 940 2434 1058 2478; x_wconf 85' lang='lat' dir='ltr'>parte</span> <span class='ocrx_word' id='word_1_273' title='bbox 1084 2419 1262 2477; x_wconf 77' lang='lat' dir='ltr'>penitus</span> <span class='ocrx_word' id='word_1_274' title='bbox 1288 2434 1387 2466; x_wconf 71' lang='lat' dir='ltr'>toto</span> <span class='ocrx_word' id='word_1_275' title='bbox 1416 2427 1487 2466; x_wconf 83' lang='lat' dir='ltr'>di-</span> 
     </span>
     <span class='ocr_line' id='line_1_38' title="bbox 74 2483 1487 2545; baseline 0.004 -19"><span class='ocrx_word' id='word_1_276' title='bbox 74 2483 198 2545; x_wconf 84' lang='lat' dir='ltr'>visos</span> <span class='ocrx_word' id='word_1_277' title='bbox 226 2487 330 2529; x_wconf 81' lang='lat' dir='ltr'>orbe</span> <span class='ocrx_word' id='word_1_278' title='bbox 356 2488 613 2537; x_wconf 68' lang='lat' dir='ltr'>Britannos,</span> <span class='ocrx_word' id='word_1_279' title='bbox 652 2487 964 2542; x_wconf 86' lang='lat' dir='ltr'>saepenumero</span> <span class='ocrx_word' id='word_1_280' title='bbox 993 2504 1087 2531; x_wconf 90' lang='lat' dir='ltr'>non</span> <span class='ocrx_word' id='word_1_281' title='bbox 1119 2491 1254 2538; x_wconf 87' lang='lat' dir='ltr'>ite1n;</span> <span class='ocrx_word' id='word_1_282' title='bbox 1287 2500 1339 2530; x_wconf 89' lang='lat' dir='ltr'>ut</span> <span class='ocrx_word' id='word_1_283' title='bbox 1366 2491 1487 2542; x_wconf 86' lang='lat' dir='ltr'>adeo,</span> 
     </span>
    </p>
   </div>
   <div class='ocr_carea' id='block_1_13' title="bbox 54 2551 1487 2610">
    <p class='ocr_par' dir='ltr' id='par_1_13' title="bbox 54 2551 1487 2610">
     <span class='ocr_line' id='line_1_39' title="bbox 54 2551 1487 2610; baseline 0.001 -19"><span class='ocrx_word' id='word_1_284' title='bbox 54 2551 187 2592; x_wconf 79' lang='lat' dir='ltr'>&#39;dum</span> <span class='ocrx_word' id='word_1_285' title='bbox 214 2552 350 2602; x_wconf 85' lang='lat' dir='ltr'>forte,</span> <span class='ocrx_word' id='word_1_286' title='bbox 380 2554 495 2607; x_wconf 83' lang='lat' dir='ltr'>quod</span> <span class='ocrx_word' id='word_1_287' title='bbox 521 2552 624 2592; x_wconf 87' lang='lat' dir='ltr'>solet</span> <span class='ocrx_word' id='word_1_288' title='bbox 649 2551 747 2592; x_wconf 91' lang='lat' dir='ltr'>usui</span> <span class='ocrx_word' id='word_1_289' title='bbox 770 2555 943 2604; x_wconf 82' lang='lat' dir='ltr'>venire,</span> <span class='ocrx_word' id='word_1_290' title='bbox 979 2555 1070 2594; x_wconf 87' lang='lat' dir='ltr'>loca</span> <span class='ocrx_word' id='word_1_291' title='bbox 1095 2555 1189 2608; x_wconf 80' lang='lat' dir='ltr'>ipsis</span> <span class='ocrx_word' id='word_1_292' title='bbox 1217 2555 1318 2595; x_wconf 89' lang='lat' dir='ltr'>sunt</span> <span class='ocrx_word' id='word_1_293' title='bbox 1342 2558 1487 2610; x_wconf 85' lang='lat' dir='ltr'>requi..</span> 
     </span>
    </p>
   </div>
   <div class='ocr_carea' id='block_1_14' title="bbox 73 2617 1486 2674">
    <p class='ocr_par' dir='ltr' id='par_1_14' title="bbox 73 2617 1486 2674">
     <span class='ocr_line' id='line_1_40' title="bbox 73 2617 1486 2674; baseline 0.005 -19"><span class='ocrx_word' id='word_1_294' title='bbox 73 2617 207 2656; x_wconf 85' lang='lat' dir='ltr'>renda</span> <span class='ocrx_word' id='word_1_295' title='bbox 237 2630 289 2656; x_wconf 85' lang='lat' dir='ltr'>ex</span> <span class='ocrx_word' id='word_1_296' title='bbox 319 2620 604 2672; x_wconf 70' lang='lat' dir='ltr'>Hippocrate,</span> <span class='ocrx_word' id='word_1_297' title='bbox 639 2618 711 2657; x_wconf 83' lang='lat' dir='ltr'>vel</span> <span class='ocrx_word' id='word_1_298' title='bbox 743 2619 980 2668; x_wconf 68' lang='lat' dir='ltr'>Eucliden,</span> <span class='ocrx_word' id='word_1_299' title='bbox 1018 2620 1102 2659; x_wconf 86' lang='lat' dir='ltr'>live</span> <span class='ocrx_word' id='word_1_300' title='bbox 1131 2633 1184 2660; x_wconf 79' lang='lat' dir='ltr'>ex</span> <span class='ocrx_word' id='word_1_301' title='bbox 1214 2621 1486 2674; x_wconf 80' lang='lat' dir='ltr'>Archimede,</span> 
     </span>
    </p>
   </div>
   <div class='ocr_carea' id='block_1_15' title="bbox 19 2683 1484 2806">
    <p class='ocr_par' dir='ltr' id='par_1_15' title="bbox 19 2683 1484 2806">
     <span class='ocr_line' id='line_1_41' title="bbox 49 2683 1483 2739; baseline 0.003 -17"><span class='ocrx_word' id='word_1_302' title='bbox 49 2715 57 2725; x_wconf 52' lang='lat' dir='ltr'><strong><em>s</em></strong></span> <span class='ocrx_word' id='word_1_303' title='bbox 75 2683 281 2722; x_wconf 86' lang='lat' dir='ltr'>ceterisve</span> <span class='ocrx_word' id='word_1_304' title='bbox 301 2696 462 2737; x_wconf 85' lang='lat' dir='ltr'>magno</span> <span class='ocrx_word' id='word_1_305' title='bbox 485 2696 693 2732; x_wconf 86' lang='lat' dir='ltr'>numero,</span> <span class='ocrx_word' id='word_1_306' title='bbox 723 2696 830 2735; x_wconf 88' lang='lat' dir='ltr'>quos</span> <span class='ocrx_word' id='word_1_307' title='bbox 859 2685 1142 2733; x_wconf 84' lang='lat' dir='ltr'>admirantur,</span> <span class='ocrx_word' id='word_1_308' title='bbox 1170 2686 1373 2739; x_wconf 80' lang='lat' dir='ltr'>inprimis</span> <span class='ocrx_word' id='word_1_309' title='bbox 1409 2701 1483 2727; x_wconf 87' lang='lat' dir='ltr'>au-</span> 
     </span>
     <span class='ocr_line' id='line_1_42' title="bbox 19 2747 1484 2806; baseline 0.005 -20"><span class='ocrx_word' id='word_1_310' title='bbox 19 2795 22 2797; x_wconf 34' lang='lat'><em>,</em></span> <span class='ocrx_word' id='word_1_311' title='bbox 72 2755 167 2788; x_wconf 87' lang='lat' dir='ltr'>tem</span> <span class='ocrx_word' id='word_1_312' title='bbox 193 2760 246 2789; x_wconf 86' lang='lat' dir='ltr'>ex</span> <span class='ocrx_word' id='word_1_313' title='bbox 273 2748 462 2790; x_wconf 84' lang='lat' dir='ltr'>aliorum</span> <span class='ocrx_word' id='word_1_314' title='bbox 489 2747 652 2803; x_wconf 85' lang='lat' dir='ltr'>scriptis</span> <span class='ocrx_word' id='word_1_315' title='bbox 667 2776 680 2799; x_wconf 91' lang='lat'>,</span> <span class='ocrx_word' id='word_1_316' title='bbox 721 2748 905 2790; x_wconf 87' lang='lat' dir='ltr'>debeant</span> <span class='ocrx_word' id='word_1_317' title='bbox 930 2747 1016 2792; x_wconf 87' lang='lat' dir='ltr'>sese</span> <span class='ocrx_word' id='word_1_318' title='bbox 1041 2750 1268 2796; x_wconf 70' lang='lat' dir='ltr'>interdum</span> <span class='ocrx_word' id='word_1_319' title='bbox 1292 2753 1484 2806; x_wconf 69' lang='lat' dir='ltr'>minime</span> 
     </span>
    </p>
   </div>
   <div class='ocr_carea' id='block_1_16' title="bbox 1526 411 1601 451">
    <p class='ocr_par' dir='ltr' id='par_1_16' title="bbox 1526 411 1601 451">
     <span class='ocr_line' id='line_1_43' title="bbox 1526 411 1601 451; baseline 0.013 -17"><span class='ocrx_word' id='word_1_320' title='bbox 1526 411 1575 435; x_wconf 69' lang='lat' dir='ltr'>IV·</span> <span class='ocrx_word' id='word_1_321' title='bbox 1598 447 1601 451; x_wconf 93' lang='lat'>.</span> 
     </span>
    </p>
   </div>
  </div>
 </body>
</html>
